8344 7440
699 917 2198 1016 Frankfurt a. M. Die Mainzer Unterſuchungs⸗
615 988 2201 1080 Kommißion beſchäftigt ſich gegenwärtig mit der de⸗
615 1047 2202 1151 finitiven Regulirung der verſchiedenen Angelegenhei⸗
619 1121 2206 1217 ten, die ihr bisher übertragen waren, und mit der
620 1190 2204 1284 Rückſendung der ihr übermachten Akten von den ver⸗
616 1259 2201 1355 ſchiedenen betheiligten Regierungen. Die Prozeduren,
624 1320 2208 1410 mit deren Inſtruktionen ſie beauftragt war, ſind be⸗
622 1390 2210 1485 endigt. Diejenigen Thatſachen, worüber wegen der
622 1454 2210 1548 Entfernung der dabei konkurrirenden Perſonen, die
620 1520 2209 1618 Inſtruktion nicht hat vervollſtändigt werden können,
622 1588 2211 1684 ſollen, wenn es nöthig befunden würde, von den da⸗
622 1654 2211 1749 bei betheiligten Regierungen unmittelbar ins Reine
616 1754 1039 1821 geſetzt werden.
730 1780 2212 1876 Durch einen Kourier und zwei Eſtafetten von Wieu,
621 1858 2193 1952 haben ſich die Oeſterreichſchen Papiere wieder gehoben.
737 1943 2216 2034 Kaßel, vom 29. Sept. Geſtern beſuchte der
634 2004 2216 2103 Kurfürſt mit dem Kurprinzen das hieſige Wilhelms⸗
627 2069 2216 2175 Inſtitut, welches eine Pflege⸗Anſtalt für Kranke,
631 2136 2216 2242 Irre, Wöchnerinnen, Unheilbare und Alterſchwache,
630 2211 2219 2313 zugleich aber auch mit einem Schul⸗, Erziehungs⸗
629 2278 2221 2372 und Zwangarbeit⸗Inſtitute verbunden iſt. Beide gaben
631 2345 2221 2443 ihre Zufriedenheit mit den vorgefundenen Einrichtun⸗
635 2411 2223 2513 gen zu erkennen und verließen das Haus von den
637 2471 2223 2575 Seegenswünſchen ſeiner zahlreichen Bewohner beglei⸗
636 2541 2222 2641 tet, denen es wohlthat, ſich der Theilnahme und Für⸗
633 2617 1953 2710 ſorge ihres Landesvaters erfreuen zu dürfen.
724 2668 2247 2769 Am 30. Sept. erfolgte die Ankunft Sr. hochfürſt⸗
641 2744 2226 2845 lichen Durchl. des Prinzen Friedrich, Sohnes Sr.
641 2811 2227 2912 Hoheit des Kurprinzen, welcher nach fünfjährigem Auf⸗
647 2883 2229 2976 enthalte auf der Univerſität Leipzig und vollendeten
648 2961 1528 3036 Studien, von dort zurückkam.
743 3013 2231 3112 Hanover, vom 4. Oktober. Zur Auszahlung
626 3082 2229 3174 der noch rückſtändigen Waterloo⸗Gelder an die berech⸗
645 3149 2231 3245 tigten Individuen unſerer Armee, iſt gegenwärtig eine
642 3226 1895 3303 Militair⸗Kommißion niedergeſetzt worden.
734 3280 2234 3378 Altona. Demjenigen, der den Mörder des
640 3349 2239 3448 Obergerichts⸗Advokaten Rathgen ſo nachzuweiſen
637 3420 2241 3520 im Stande iſt, daß er zur gefänglichen Haft gezogen
619 3486 2243 3586 werden kann, ſind von Seiten der Obrigkeit 1000
630 3561 1802 3646 Thaler Belohnung verſprochen worden.
2910 889 3415 976 Inland.
2459 959 3953 1051 Löwenberg. Wie Naumburg ſein Kinderfeſt
2359 1033 3955 1127 wegen Prokopius Abzug, ſo wird Löwenberg künftig
2360 1097 3957 1193 ſein Jungfrauenfeſt haben wegen Puthauds Ge⸗
2361 1167 3959 1261 fangennehmung. Puthaud nämlich war zur Schlacht
2362 1232 3957 1320 an der Katzbach dem Blücherſchen Heere in die Flanke
2362 1298 3955 1392 entſendet, kam zur Schlacht zu ſpät, mußte zurück,
2362 1367 3960 1462 verſuchte bei Hirſchberg umſonſt ſich über den Bober
2368 1436 3963 1524 zu retten, und war gezwungen, auf den Höhen von
2363 1502 3960 1595 Plagwitz und dem Lettenberge, hart am ſteilen Ufer,
2365 1568 3961 1658 Löwenberg gegenüber, am 30. Auguſt 1813 Wehr und
2365 1634 3960 1729 Waffen zu ſtrecken. Dieſen Tag nun feiern die An⸗
2368 1703 3966 1796 wohner beider Ufer, die Löwenberger und Plagwitzer
2369 1769 3966 1861 in folgender Art. Nachmittags um 4 Uhr, zu welcher
2371 1825 3970 1920 Stunde die letzten Franzoſen abzogen, verſammeln ſich
2372 1906 3967 1988 vor dem Rathhauſe die erwachſenen Jungfrauen der
2375 1963 3968 2060 Stadt, feſtliche Kränze im Haar, und die Stadtſchulen
2375 2033 3969 2119 beider Glaubensbekenntniße, ihre Lehrer an der Spitze.
2376 2109 3971 2187 Unter dem Gelaute aller Glocken geht der geordnete
2374 2173 3972 2266 Zug zum Goldberger Thore hinaus, nach dem ſoge⸗
2377 2238 3971 2326 nannten Buchholze, oberhalb der Ziegelei. Das Buch⸗
2373 2308 3977 2400 holz liegt auf einer bedeutenden Anhöhe, dem Lettenberge
2372 2376 3978 2467 gerade gegenüber, am Fluße, und iſt mit ſeinen freien
2376 2443 3979 2532 Plätzen und anmuthigen Gängen ein Lieblingsort der
2379 2506 3978 2596 Löwenberger. Auf einem der freien Plätze iſt Blüchers
2379 2576 3980 2664 Bruſtbild aus Gußeiſen aufgeſtellt, ernſt nach dem
2379 2644 3981 2732 entſcheidenden Lettenberge ſchauend. Die Jungfrauen
2383 2711 3984 2801 ziehen den erſten Kreis um den eiſernen Krieger, den
2384 2777 3981 2865 übrigen Platz füllt die Schuljugend und deren Eltern
2385 2836 3983 2931 nebſt den Bewohnern der Stadt und Umgegend. Gleich⸗
2388 2907 3986 3002 zeitig findet ſich jenſeit des Bobers die Plagwitzer Ge⸗
2390 2977 3988 3060 meinde mit ihrer Jugend, feſtlich geſchmückt, auf dem
2389 3043 3989 3132 Lettenberge ein. Jetzt giebt ein Stückſchuß das Zeichen
2389 3103 3990 3204 zum Anfange des Feſtes; er erinnert zum letztenmale
2391 3177 3990 3263 an die Schrecken des fliehenden Krieges, und iſt er
2390 3241 3989 3332 verklungen, ſo erhebt ſich einſtimmig der fromme Frie⸗
2395 3307 3996 3397 dens⸗Geſang „Nun danket Alle Gott“ ꝛc. Es folgt
2399 3375 3992 3466 ein „Lebehoch“ dem Könige und eins dem Vater Blücher.
2399 3440 3989 3525 Der Abend findet die Theilnehmer bei Tanz und fröh⸗
2401 3510 3994 3601 lichem Mahle im (jetzt) Schmiegolskyſchen Gartenſale.
751 3740 2234 3835 Am 20. Sept. traf der Großherzog von Baden,
632 3811 2239 3912 von der nach dem Main⸗ und Tauberkreiſe gemachten
653 3889 1585 3982 Reiſe, wieder in Karlsruhe ein.
757 3973 2247 4064 Am 25. Sept. kam die Königin von Baiern mit
658 4042 2247 4134 der Markgräfin von Baden, der Prinzeßin Amalie
640 4106 2247 4195 und den Königl. Prinzißinen von Tegernſee in Nym⸗
660 4201 1271 4272 phenburg wieder an.
767 4278 2255 4370 Am 28. Sept. ging die Fürſtin von Solms⸗Lych
663 4346 2258 4457 von Kaßel nach Frankfurt, die Prinzen Karl, Louis,
671 4411 2191 4510 und Ferdinand zu Solms⸗Lych aber nach Gotha.
743 4508 2259 4601 Am 2. Oktober reiſte der Prinz Maximilian
674 4574 2260 4674 von Sachſen mit ſeinen beiden Prinzeßinen Töch⸗
677 4641 2263 4741 tern, Amalie und Maria, von Dresden nach Flo⸗
670 4740 906 4807 renz ab.
777 4842 2268 4939 Bisher wußte man nur von beträchtlichen Zuk⸗
676 4908 2269 5012 kerzufuhren aus dem Engliſchen Oſt⸗Indien. In
682 4979 2272 5079 Folge der Künſte des Engliſchen Maſchinenweſens kann
688 5047 2270 5140 der auf Marſchgrund produzirte Zucker in Oſtindien,
663 5111 2269 5217 ungeachtet der höheren Fracht, ſehr wohl auf Europäi⸗
661 5179 2268 5278 ſchem Markte gegen den Amerikaniſchen aus Weſtin⸗
664 5246 2274 5355 dien, Louiſiana und Braſilien Preis halten. Jetzt
674 5313 2276 5413 durch den großen Schleichhandel der Pflanzer der Fran⸗
673 5383 2280 5483 zöſiſchen Inſel Bourbon mit Manilla, der ſeit der
681 5447 2281 5550 Zurückgabe dieſer Inſel an Frankreich ſehr zugenom⸗
688 5503 2281 5610 men hat, führen die Franzöſiſchen Smuggler aus Ma⸗
695 5581 2287 5683 nilla ganz beſonders ſehr viel Zucker in ihre Kolonie
697 5647 2286 5748 und von da nach Frankreich. Selbſt die zahlreichen
696 5705 2283 5816 Ingebornen auf den Philippinen, finden ihrem In⸗
701 5780 2291 5872 tereße gemäß, viel Zucker zu produziren. Freilich darf
699 5849 2291 5939 aus der Kolonie Bourbon nicht mehr Kolonialzucker
699 5914 2287 6017 nach Frankreich mit Kolonialabgabe ausgeführt wer⸗
703 5980 2288 6082 den, als ſie wirklich produzirt; aber die milden Kolo⸗
2403 3708 3999 3795 nialgeſetze veranſchlagen etwas hoch die Ernte der
2400 3775 4001 3861 Inſel. Dann geht Alles, was die Inſel ſelbſt verzehrt
2401 3843 4002 3923 und was ſie im ehrlichen und im Schleich⸗Handel an
2405 3904 4003 3988 andere Seefahrer auf ihrer Rheede im Vorbeifahren
2405 3979 4004 4058 überläßt, nicht vom Kolonialzucker, ſondern von der
2408 4042 4006 4131 regiſtrirten Manilla⸗Importation ab. Daher geht wol
2399 4109 4007 4190 in der That, aber nicht nach den Regiſtern, viel roher
2379 4173 4004 4257 Manillazucker nach Frankreich. Was die Inſel Bour⸗
2413 4239 4003 4324 bon dagegen nach Manilla beſonders ausführt, iſt
2409 4306 4004 4393 leichtes Tuch und Seidenwaare aus Frankreich. Seit
2413 4374 4003 4457 der Spaniſchen Inſurrektion wider Joſeph Bona⸗
2412 4441 4014 4526 parte wurde der ausländiſche verbotene Handel auf
2419 4508 4008 4592 den Philippinen äußerſt lebhaft; und der Wohlſtand
2421 4575 4012 4657 dieſer mächtigen Kolonie iſt ſo gewachſen, daß ſie jetzt
2417 4644 4009 4730 faſt alle Produkte des Aſiatiſchen Archipelagus in großen
2419 4711 4018 4793 Maßen, jedoch im Wege des Schleichhandels, den die
2421 4777 4018 4866 Regierung duldet, ausführt. Die Alcayala (5 Pro⸗
2418 4845 4017 4932 cent Ausfuhr, und Verkauf⸗Abgabe eben ſo viel) und
2423 4910 4018 4988 die verbotene Waareneinfuhr kann der ehrliche Han⸗
2425 4978 4018 5055 del mit den Landesprodukten nicht ertragen. Den
2419 5046 4015 5132 beſten Handel dahin hat indeß Batavia, deßen Han⸗
2423 5114 4022 5197 del ſeit der hergeſtellten Niederländiſchen Regierung
2425 5183 4022 5270 ſo ſehr der Britten Handelsneid zu Kalkutta erregt.
2536 5293 4025 5388 Ohne mich auf den Inhalt der Schrift: „Die
2433 5370 4030 5453 Verwaltung des Staats⸗Kanzlers Fürſten von Har⸗
2439 5445 4028 5523 denberg“ welche in den hieſigen Zeitungen ange⸗
2438 5512 4026 5592 kündigt iſt, einzulaßen, finde ich mich bewogen, zu er⸗
2440 5576 4028 5655 klären, daß ich nicht den entfernteſten Antheil daran
2439 5638 4029 5730 habe, den Verfaßer nicht kenne, und daß ſie ohne mein
2440 5712 3625 5796 Vorwißen geſchrieben und erſchienen iſt.
3134 5776 3965 5847 C. F. von Hardenberg.
3227 5896 3764 5957 Heun, Redakteur.
3185 5954 3850 6022 Reimerſche Buchdruckerei.
5259 762 6484 925 Allgemeine
4189 958 7597 1319 Preußiſche Staats⸗Zeitung.
4795 1493 6928 1658 84ſtes Stück. Berlin, den 12ten Oktober 1820.
5215 1839 6622 1955 I. Amtliche Nachrichten.
4612 2018 5449 2099 Kronik des Tages.
4653 2120 5395 2186 Berlin, vom 12. Oktober.
4331 2171 5829 2259 Angekommen: Se. Koͤnigl. Hoheit der Herzog von
4247 2222 5831 2315 Cumberland, von Deßau. — Se. Durchlaucht der Fuͤrſt
4246 2290 5829 2377 Nariſchkin, Ruß. Kaiſerl. Ober⸗Kammerherr und Kanz⸗
4245 2348 5831 2435 ler aller Rußiſchen Orden, von Leipzig. — Se. Exc. der
4242 2403 5832 2492 General⸗Lieutenant, diesſeitiger außerordentlicher Geſandter
4243 2460 5833 2556 und bevollmaͤchtigter Miniſter am Rußiſch Kaiſerlichen Hofe
4245 2528 5830 2623 Freiherr von Schoͤler, von Dresden. — Der Staats⸗
5983 1929 7571 2019 Sekretair und Chef⸗Praͤſident der Haupt⸗Bank Frieſe,
5982 1991 7574 2085 von Poſen. — Der Kaiſerlich Oeſterreichſche Kabinets⸗
5982 2061 6868 2142 Kourier Vardioro, von Wien.
6072 2108 7576 2210 Abgereiſt: Der Großherzoglich Mecklenburg⸗Schwe⸗
5983 2172 7472 2260 rinſche General⸗Major von Bothe, nach Schwerin.
6074 2273 7591 2376 Am 11. marſchirte das 4te Ulanen⸗Regiment (Pommerſche)
5989 2349 7583 2448 hier durch, welches die fruͤhere Garniſon Muͤhlberg und Ge⸗
5989 2407 7590 2509 gend verlaͤßt, um nach Pommern zu gehen, und dort die
5989 2480 6948 2561 neuen Garniſon⸗Oerter zu beziehen.
5173 2730 6656 2866 II. Zeitungs⸗Nachrichten.
4761 2895 5350 2980 Ausland.
4342 2967 5852 3068 Paris. Der König hat, um die Geburt eines jungen
4257 3034 5854 3137 Franzöſiſchen Prinzen und eines präſumtiven Thron⸗
4268 3095 5852 3199 Erben, als eine für Frankreich ſo wichtige Begeben⸗
4269 3166 5854 3267 heit, auf eine würdige Weiſe zu feiern, mehre Gna⸗
4265 3233 5855 3333 denbezeugungen zur Belohnung für dem Staate gelei⸗
4275 3294 5856 3396 ſtete Dienſte verliehen und namentlich zu Komman⸗
4273 3361 5863 3456 deurs des Ordens des Heiligen Geiſtes den Kardinal
4269 3437 5859 3529 de la Luzerne, den Kardinal de Bausset, den
4271 3506 5864 3599 Erzbiſchof von Bordeaux und den Abbe Montes⸗
4272 3568 5863 3663 quiou ernannt; und 30 andere in hohem Range
4270 3638 5864 3741 ſtehende Perſonen zu Rittern und Kommandeurs der
4272 3702 5863 3795 Franzöſiſchen Orden. Unter dieſen befinden ſich der
4278 3764 5857 3862 Prinz Talleyrand, die Marſchälle Moncey,
4280 3825 5862 3922 Viktor, Macdonald, Oudinot, Marmont
4280 3894 5862 3992 und Suchet, ingleichen die Herzöge Decazes und
4283 3959 5867 4061 Dalberg, der Marquis Desolles, die Miniſter
4285 4030 5869 4124 Latour⸗Maubourg, de Serre, Pasquier
4279 4123 4640 4189 und Lainé.
4387 4160 5872 4255 Der Moniteur, wie alle Pariſer Zeitungen, ſind
4288 4225 5874 4334 angefüllt von Ergießungen der Freude über die Ge⸗
4292 4297 5876 4395 burt des jungen Prinzen an allen öffentlichen Orten,
4291 4359 5873 4461 und insbeſondere auch in den Theatern. Wir he⸗
4293 4434 5877 4527 ben davon nur Folgendes aus: „Die Herzogin von
4295 4500 5881 4597 Berry hatte bei ſich beſchloßen, im Fall ſie von
4297 4559 5883 4663 einem Prinzen entbunden werden ſollte, ihn ſelbſt
4301 4634 5886 4722 dem Volke und den Soldaten zu zeigen. Um der
4303 4696 5884 4798 Ausführung dieſes Vorſatzes, der ihrer Geſundheit ſo
4309 4763 5889 4865 leicht hätte nachtheilig werden können, zuvorzukom⸗
4313 4829 5894 4932 men, nahm Frau von Gontaut das Kind in ihre
4305 4902 5718 4994 Arme und präſentirte es der jubelnden Menge.
4435 4963 5898 5063 Der König war ſo von der ihm zuerſt durch den
4304 5019 5895 5134 königlichen Kammerdiener Herrn Hue gebrachten Bot⸗
4311 5104 5896 5203 ſchaft ergriffen, daß er ſich wiederholen ließ: das neu⸗
4312 5161 5905 5271 geborne Kind ſey ein Prinz. Gott ſey Dank, rief
4315 5232 5900 5334 er aus, und begab ſich ohne Verzug zu der Herzogin,
4316 5298 5900 5401 wo er ſchon den Herzog und die Herzogin von An⸗
4316 5360 5906 5470 gouleme und Monſieur ſeinen Bruder fand. Beide
4318 5433 5906 5536 Brüder ſanken einander in die Arme und vergoßen
4319 5500 5906 5605 Freudenthränen. Bald darauf kamen auch der Her⸗
4323 5565 5910 5675 zog und die Herzogin von Orleans. Die hohe
4329 5629 5910 5743 Wöchnerin wollte, daß Jedermann, der an ihrem
4329 5705 5912 5808 Glücke Theil nähme, der Eintritt verſtattet werden
4333 5764 5914 5881 ſolle, und ſo füllte ſich das Zimmer durcheinander
4334 5834 5914 5945 von Marſchällen, Generalen, Nationalgarden, Mili⸗
6007 2846 7605 2941 tair⸗ und Civil⸗Perſonen aller Art; es war ein
6005 2911 7606 3018 Franzoſe mehr auf der Welt, alles wollte ihm ſeine
6003 2976 7613 3088 Huldigung bringen. Monſieur und Madame nahmen
6007 3045 7612 3150 wechſelsweiſe das theure Kind in die Arme und zeig⸗
6011 3112 7616 3208 ten es der immer fröhlicher jauchzenden Menge, ja
6014 3177 7619 3278 endlich ließ auch die Herzogin von Berry ſelbſt ihr
6013 3245 7620 3344 Bette an das Fenſter tragen, hob ſich aus demſelben
6016 3312 7619 3417 empor, und zeigte ſich, das Kind auf ihrem Schooße,
6018 3376 7623 3475 dem Volke. Die Aerzte, beſorgt, daß die Erſchö⸗
6019 3445 7622 3554 pfung der Kräfte ihr ein Uebel zuziehen könne, hat⸗
6021 3514 7623 3613 ten ihr ein beruhigendes Mittel bereitet; laßt das,
6021 3578 7626 3684 rief ſie aus, als ſie das Jubelgeſchrei des Volkes
6011 3647 7271 3741 hörte, hier iſt das wahre Ruhe⸗Gebende.
6153 3708 7633 3805 Am 29. Sept., als am Entbindungstage der Her⸗
6018 3777 7629 3883 zogin von Berry, ward in der großen Oper „Atha⸗
6021 3842 7635 3942 lie“ aufgeführt. Alle Anſpielungen in dieſem Stücke
6021 3911 7636 4003 wurden mit Enthuſiasmus aufgenommen. Nach der
6021 3979 7640 4083 Tragödie ſang Bonel mehre Kouplets. Folgendes an
6023 4048 7457 4146 die glückliche Mutter ward mehremale verlangt:
6180 4112 7504 4188 C'est un Bourbon, France qui vient de naître,
6094 4178 7048 4253 C'est de tes Roi l'auguste rejeton!
6092 4236 7244 4315 Dès le berceau ce faible enfant doit être
6097 4295 7289 4387 L'espoir du brave et la terreur du traître.
6101 4379 6633 4436 C'est un Bourbon!
6191 4413 7367 4495 C'est un Bourbon, heureuse mère, oublie
6098 4481 7192 4559 Et ton veuvage et ton triste abandon;
6103 4543 7113 4625 C'est ton époux qui renait à la vie,
6105 4603 7137 4679 Ce noble enfant le rend à la patrie;
6106 4680 6632 4740 C'est un Bourbon!
6148 4718 7657 4818 In dem Théatre des Variétés ward unter andern
6047 4791 7554 4892 folgender Vers mit vielem Beifalle aufgenommen:
6236 4861 7099 4930 Enfin il est tems qu'on espère
6236 4919 7122 5002 Que tous les Français désunis
6236 4974 7386 5063 Qui s'agitaient près du tombeau du père
6226 5034 7322 5109 S'embrasseront près le berceau du fils.
6146 5084 7658 5183 Bekanntlich ſollten zu Paris blos 12 Kanonen⸗
6057 5157 7666 5258 Schüße gegeben werden, wenn die Herzogin von einer
6056 5218 7671 5328 Prinzeßin entbunden würde, und 24 hier in allen Fe⸗
6059 5289 7668 5396 ſtungen, wenn es ein Prinz wäre. Hierauf ſind fol⸗
6061 5380 6751 5465 gende Verſe erſchienen:
6488 5434 7271 5504 Grande peur, grande joie,
6067 5486 7671 5585 impromptu écrit sous la dictée d'une pièce de vingt-quatre.
6130 5540 7670 5632 Le canon! comptons bien. „Un — qu'on fasse silence!
6128 5598 7673 5703 „Deux — chut! trois — dix encore et Dieu sauve la
6880 5679 7086 5726 France!
6130 5730 7677 5836 „Quatre — ah, grand Dieu! çinq... six — comme
6877 5790 7370 5849 le coeur nous bat
