10168 7352
2873 436 3056 505 1304
708 486 2173 562 organ, das milder, melodiſcher Toͤne unfaͤhig iſt, koͤnnen keine guten
706 533 2163 604 Darſteller des „Hamlet“ ſeyn, aber auch diejenigen ſind es nicht, bei de⸗
705 578 2162 650 nen das Studium zu ſichtbar wird, wie ſehr es auch vom rich⸗
703 624 2160 696 tigen Verſtaͤndniß der Aufgabe zeugen mag. Wie ſie auch im
691 669 2162 742 Allgemeinen die Grundzuͤge der Schwaͤche und des Wankelmuths
695 710 2160 786 eines ſanguiniſchen Temperaments, den augenblicklichen, aber
690 761 2161 843 bald ſich wieder verlierenden Muth zur That und die Neigung
697 808 2161 878 zu duͤſtern Speculationen im Ganzen und Einzelnen, mehr oder
698 855 2157 924 weniger gelungen ausdruͤcken moͤgen; es ſind nicht und es
695 899 2153 971 ſcheinen nicht die Aeußerungen der Empfindungen und Gedanken
695 950 2153 1022 jenes von Goethe ſo trefflich bezeichneten, zum Throne berufenen
693 994 2149 1069 Juͤnglings; oder wer moͤchte es leugnen wollen, daß Empfin⸗
695 1044 2147 1108 dungen und Ideen, voruͤbergehende Eindruͤcke oder Bruͤten uͤber den⸗
690 1085 2142 1161 ſelben anders in der Jugend als im reifen Alter entſtehen und ſich
678 1133 2142 1209 aͤußern?. Das Daſeyn „Hamlet's“ iſt zwar ein poetiſches, aber ge⸗
672 1181 2143 1249 wiß das ewig wahre eines Juͤnglings, wohl zu bemerken, eines
675 1222 2139 1296 Juͤnglings, auf deſſen Seele, wie Goethe mit wenig Worten er⸗
681 1272 2138 1346 ſchoͤpfend ſagt, eine große That gelegt, der er aber nicht gewachſen
679 1313 2137 1391 iſt. Fuͤr den Schauſpieler bleibt daher immer die Haupt⸗Aufgabe, dieſe
679 1367 2132 1434 temporaire Stimmung der Seele und den Widerſpruch, den die
678 1409 2133 1483 augenblickliche Stimmung und der Charakter ſo oft im menſchlichen
677 1452 2133 1535 Gemuͤth macht, im Leben und der Phyſiognomie eines Juͤnglings
675 1505 2129 1580 anſchaulich zu machen. Es verſteht ſich uͤbrigens von ſelbſt, daß
671 1551 2128 1620 Referent mit dieſer Anſicht die hoͤchſte, jedoch ausfuͤhrbare Ton⸗
667 1597 2127 1675 leiter angeben und deshalb keinen Fleiß, kein Talent und keiner an
666 1641 2127 1715 ſich brauchbaren, wenn auch hier nicht genuͤgenden Individualitaͤt
665 1689 2125 1759 ihr Verdienſt ſchmälern will. — Nur noch wenige Worte uͤber die
663 1739 2120 1816 Ophelia und die Auffuͤhrung im Ganzen. Ophelia iſt dem Refe⸗
663 1785 2120 1854 renten in den drei verſchiedenſten Auffaſſungen und verſchieden⸗
659 1829 2121 1898 ſten Geſtalten, aber immer gleich vortrefflich erſchienen: von der
659 1876 2116 1950 Bethmann, der Lindner und der Crelinger. Alle drei haben ſie
657 1925 2114 2006 anders aufgefaßt; wir wollen nicht unterſuchen, welche Auffaſſung
655 1969 2112 2039 die rechte iſt; aber jede hat ſie in ihrer Auffaſſung mit echtem an⸗
644 2017 2114 2091 geborenen Talent und mit Kunſt⸗Verſtand dargeſtellt; dies iſt die
649 2063 2112 2135 Hauptſache; immer iſt es nur der Dichter, den wir zuerſt in allen
649 2109 2112 2184 ſeinen Werken erkennen wollen; und ſo auch iſt es der Schauſpieler,
646 2158 2109 2233 von dem wir vor allen Dingen ſehen wollen, daß er uͤberhaupt berufen
645 2201 2108 2280 iſt, mit Leib und Seele darſtellen zu koͤnner. Betreffend die Auf⸗
641 2246 2108 2322 fuͤhrung des Ganzen: da fehlt freilich zu viel, um den Geiſt des
643 2296 2103 2369 Ganzen uns anſchaulich wiederzugeben; uͤberall, wo Hamlet er⸗
639 2342 2103 2417 ſcheint, muͤßte der Zwieſpalt am Hofe ſichtbar werden, indem ſeine
639 2391 2099 2462 Worte, ſeine Accente Beſorgniß und ſeine Schritte uͤberall Beobach⸗
636 2439 2098 2509 tung, hier Sorge, dort Schadenfreude, anderwaͤrts Fluͤſtern und
631 2480 2097 2554 Deuten hervorbringen. Jedermann ſieht die toſenden Gewitterwol⸗
632 2528 2097 2609 ken uͤber dem Hofe, fuͤhlt in dumpfer Schwuͤle die nahe Entladung,
629 2575 2096 2649 und iſt angſtvoll geſpannt, wo der Blitz einſchlagen wird. — Von allen
629 2617 2093 2697 dem wird man freilich in der Auffuͤhrung des Ganzen und der ein⸗
623 2669 2093 2747 zelnen Perſonen wenig gewahr; aber wie vermag auch eine Buͤhne,
621 2714 2091 2794 die alle Tage ſpielen muß, ſo etwas ohne viele und gruͤndliche
618 2756 2089 2839 Proben zu leiſten, und wenn ſie es leiſten koͤnnte, muͤßte nicht eben
619 2806 2077 2882 ſo gut das große Publikum darauf vorbereitet werden? — * —
939 2932 1765 3015 Vermiſchte Nachrichten.
672 2994 2030 3080 Allgemeines Buͤcher⸗Verzeichniß zur Leipziger
1055 3058 1655 3119 Michaelis⸗Meſſe 1835.
704 3114 2077 3190 Dieſer Katalog zaͤhlt abermals 3164 theils neu, theils in neuen
606 3162 2077 3237 Ausgaben erſchienene Buͤcher, Landkarten u. ſ. w. auf. Der Oſter⸗
607 3210 2076 3286 Meß⸗Katalog enthielt deren 3767, in beiden zuſammen ſind alſo
605 3259 2074 3336 6931 verzeichnet. Rechnen wir nun auch hiervon die auslaͤndiſchen
597 3293 2075 3381 Kommiſſions⸗Artikel, die Landkarten, Muſikbuͤcher ꝛc. ab, ſo bleibt
594 3342 2070 3433 doch die Summe immer groß genug, um erwarten zu laſſen, daß
598 3398 2069 3475 wir mit den jaͤhrlich in Deutſchland gedruckten Buͤchern die
595 3443 2065 3529 Zahl 7000, zu welcher wir nach dem ſeit dem Jahre 1815 eingetre⸗
595 3495 2065 3575 tenen progreſſiven Verhaͤltniſſe in zwei Jahren gelangen muͤſſen, *)
593 3539 1555 3601 zur beſtimmten Zeit richtig erreichen werden.
687 3589 2066 3658 Ueber den innern Gehalt des neuen Anwuchſes unſerer Literatur
585 3633 2066 3714 zu berichten, uͤberlaſſen wir billig, wie fruͤher, den wiſſenſchaftlichen
682 3731 2059 3816 *) Mit Ausſchluß der auslaͤndiſchen Kommiſſions⸗Artikel, der
581 3787 1634 3854 Landkarten und Muſikbuͤcher enthielten naͤmlich:
2237 513 3718 593 Zeitſchriften, und begnuͤgen uns, die numerlſchen Reſultate, welche
2238 565 3113 626 der Katalog darbietet, hier aufzuſtellen.
2332 610 2722 658 Es enthaͤlt dieſer:
2237 644 3334 718 Buͤcher und Broſchuͤren wiſſenſchaftlichen und ver⸗
2279 690 3144 760 miſchten Inhalts in Deutſcher Sprache
3244 710 3334 760 2500
3373 719 3699 779 (OMKat. 2947)
2676 745 3059 804 in alten Sprachen
3266 758 3330 808 208
3367 765 3700 822 (— 202)
2678 794 3223 854 in lebenden auslaͤndiſchen
2679 840 2867 894 Sprachen
3261 847 3325 898 176
3363 856 3701 914 (— 320)
2233 877 2406 932 Romane
3245 898 3327 945 164
3359 904 3700 960 (— 146)
2237 927 2472 981 Schauſpiele
3282 942 3327 995 32
3361 953 3693 1008 (— 49)
2229 976 3218 1041 Laͤnder⸗ und Himmelskarten, theils einzeln, theils
2271 1014 2630 1073 in Sammlungen
3274 1032 3327 1084 84
3355 1037 3695 1095 (— 103)
2310 1069 3697 1147 Hierunter ſind 178 Ueberſetzungen aus fremden Sprachen (unter
2223 1120 3691 1197 den Romanen allein 58) und 199 Zeitſchriften: Im Oſter⸗Meßka⸗
2219 1165 3692 1239 talog waren 487 Verleger aufgefuͤhrt, der jetzige Katalog enthaͤlt
2217 1213 3687 1285 deren 496, von welchen wir hier diejenigen anfuͤhren, die 20 und
2217 1259 3689 1334 mehr Artikel anzeigen. Manz in Landshut 52 Artikel (worunter
2214 1306 3684 1382 30 Komm. Art.) (Oſter⸗Meßkatalog 50), Cotta'ſche Buchhandlung
2210 1351 3686 1421 in Stuttgart 49 (Oſter⸗Meßkatalog 41), Reimer in Berl n 42
2211 1397 3676 1470 (Oſter⸗Meßkatalog 71), Baſſe in Quedlinburg 38 (Oſter⸗Meßkata⸗
2203 1440 3682 1516 log 74), Voigt in Weimar 37 (Oſter⸗Meßkatalog 24), Hahn'ſche
2209 1492 3680 1569 Buchhandlung in Hannover 31 (Oſter⸗Meßkatalog 34), Jaquet in
2204 1535 3675 1610 Muͤnchen 31 (Oſter⸗Meßkatalog 9), Brockhaus in Leipzig 30 (Oſter⸗
2205 1584 3677 1662 Meßkatalog 39), Schubothe in Copenhagen 3) (mehrere Daͤn.
2202 1630 3674 1704 Komm. Art.) (Oſter⸗Meßkatalog 23), Fr. Fleiſcher in Leipzig 28
2201 1674 3674 1755 (Oſter⸗Meßkatalog 26), Hinrichs'ſche Buchhandlung in Leipz g 28
2199 1721 3670 1804 (Oſter⸗Meßkatalog 24), Barth in Leipzig 27 (Oſter⸗Meßkatalog 25),
2195 1768 3673 1840 Franz in Muͤnchen 27 (Oſter⸗Meßkatalog 27), Haaſe Soͤhne in
2197 1816 3670 1885 Prag 27 (Oſter⸗Meßkatalog 35), Arnold'ſche Buchhandlung in Dres⸗
2195 1860 3670 1938 den 24 (Oſter⸗Meßkatalog 29), Dahl in Chr ſtiania 24 (Oſter⸗Meß⸗
2193 1909 3668 1982 katalog —), Marx in Karlsruhe 24 (Oſter⸗Meßkatalog 5), O. Wi⸗
2191 1958 3664 2026 gand in Leipzig 23 (Oſter⸗Meßkatalog 14), Leske in Darmſtadt 21
2191 2003 3683 2081 (Oſter⸗Meßkatalog 24), Grimmer in Dresden 20 (Oſter⸗Meßkalog —),
2188 2050 3666 2118 Kollmann in Augsburg 20 (Oſter⸗Meßkatalog 20), Kollmann in
2182 2095 3664 2172 Leipzig 20 (Oſter⸗Meßkatalog 21), Levrault in Straßburg 20 (Oſter⸗
2181 2139 2537 2194 Meßkatalog 44).
2279 2193 3661 2258 Nach den Staaten Deutſchlands eingetheilt, in denen ſie er⸗
2183 2236 3661 2307 ſchienen ſind, kommen von der ganzen Summe der neuen Schriften:
2230 2286 2544 2329 auf Oeſterreich
3031 2301 3107 2341 216
3131 2302 3660 2355 (auf Wien allein 106)
2245 2329 2490 2377 „ Preußen
3022 2345 3096 2388 821
3118 2350 3663 2405 (auf Berlin allein 299)
2244 2376 2470 2422 „ Bayern
3017 2394 3103 2433 420
2240 2423 2510 2466 „ Hannover
3046 2439 3102 2482 68
2241 2471 2598 2519 „ Wuͤrttemberg
3018 2484 3089 2528 231
3121 2480 3657 2540 (auf Stuttgart allein 185)
2240 2519 2478 2564 „ Sachſen
3017 2536 3096 2577 673
3117 2535 3655 2593 (auf Leipzig allein 589)
2240 2567 2440 2610 „ Baden
3020 2581 3091 2622 124
2233 2612 2500 2658 „ Kurheſſen
3040 2627 3091 2671 44
2234 2657 2882 2714 „ die Herzogthuͤmer Sachſen
3021 2672 3094 2719 135
2233 2706 2910 2757 „ das Großherzogthum Heſſen
3038 2718 3091 2762 76
2236 2752 2595 2802 „ Braunſchweig
3035 2763 3089 2812 29
2233 2796 2564 2848 „ Mecklenburg
3031 2813 3088 2856 25
2231 2846 2433 2893 „ Naſſau
3055 2863 3085 2907 2
2231 2892 2526 2941 „ Oldenburg
3056 2912 3083 2952 6
2226 2935 2724 2993 „ Holſtein⸗Lauenburg
3028 2953 3084 3000 32
2226 2985 2856 3041 „ die kleinen Fuͤrſtenthuͤmer
3028 3000 3082 3046 24
2226 3034 2984 3093 „ Hamburg, Luͤbeck, Bremen und
2285 3082 2498 3130 Frankfurt
3010 3101 3078 3139 182
2892 3142 3603 3209 (Boͤrſenblatt f. d. Buchhandel.)
2151 3225 3636 3298 die beiden Kataloge von 1816, 3197 Art, zum erſten Mal uͤber 3000
2176 3289 3635 3347 „ „ „ „ 1821, 3997 „ „ „ „ uͤber 4000
2173 3333 3633 3395 „ „ „ „ 1827, 5108 „ „ „ „ uͤber 5000
2171 3384 3632 3439 „ „ „ „ 1832, 6275 „ „ „ „ an 6000
2143 3415 3630 3489 ſo daß die Zahl der neuen Erſcheinungen in Deutſchland ſeit 1814
2141 3465 3581 3538 etwa alle fuͤnf Jahre in ein neues Tauſend hinuͤbergewandert iſt.
2467 3586 3317 3665 Auswärtige Börsen.
2557 3653 3219 3702 Amsterdam, 10. November.
2230 3681 3624 3764 Niederl. wirkl. Schuld 55 11⁄16. 5 % do. 102 1/16. Ausg. Schuld
2127 3730 3620 3812 1 13⁄64. Kanz-Bill. 25 ⅛. 4 ½ % Amort. 95 ½. 3 ½ % 79 ¾. Russ.
2131 3779 3618 3857 97 ½. Oesterr. 99 ¼. Preuss. Präm-Scheine 105 ¼. do. 4 % Aul.
2128 3826 2983 3892 —. 5 % Span. 31 ¾. do. 3 % 19 1⁄16.
4199 558 4841 612 Antwerpen, 9. November.
3883 597 5208 670 5 % Span. 31. Zinsl. 15. Cortes 30 ½. G. Neue Anl. 44 ½. B
4120 644 4917 705 Frankfurt a. M., 12. November.
3861 685 5193 764 Oesterr. 5 % Metall. 102 3/16. 102 1/16 4 % 99 13/19/16. 2 ½
3784 733 5182 802 60 ¼. G. 1 % 26. Br. Bank-Actien 1667. 1665. Partial-Obl. 140
3778 783 5169 856 G. Loose zu 500 Fl. 117 ¾. 117 ½. Loose zu 100 Fl. 214 ½
3782 830 5193 903 Preuss. Präm.-Sch. 60 ⅛. 59 ⅞. do. 4 % Anl. 98 ¾. G. Poln. Loo
3779 877 4856 934 70 ⅛. G. 5 % Span. Rente 46 ¼. 46. 3 % —.
4263 931 4750 979 Paris, 9. November.
3867 970 5157 1037 5 % Rente pr. compt. 108. 85. fin cour. 109. —. 3 %
3773 1023 5191 1078 compt. 81. 45. fin cour. 81. 65. 5 % Neap. 99. 85. fin cou
3769 1066 5183 1128 — 5 % Span. Rente 36 ½. 3 % do. 22 Ausg. Sch. —. Cort
3770 1110 4740 1173 36 ⅜. Neue Anl. 43 ½. 3 % Portug. 58 ½.
4261 1165 4754 1210 Wien, 10. November.
3858 1202 5170 1273 5 % Met. 102 9⁄32. 4 % 100. 2 ½ % —. 1 % —. Ba
3764 1249 4516 1305 Actien 1390 ⅗. Neue Anl. 588 ⅛.
4079 1377 4923 1441 Meteorologiſche Beobachtung.
3822 1441 3928 1478 1835.
3759 1486 3991 1533 14. November.
4054 1450 4203 1490 Morgens
4076 1497 4191 1536 6 Uhr.
4298 1445 4506 1500 Nachmittags
4344 1501 4465 1538 2 Uhr.
4619 1447 4739 1498 Abends
4611 1504 4753 1541 10 Uhr.
4891 1445 5162 1512 Nach einmaliger
4913 1504 5130 1556 Beobachtung.
3752 1572 3902 1624 Luftdruck
3994 1579 4250 1626 339 46 ''' Par.
4271 1593 4534 1639 339,02 ''' Par.
4530 1556 4810 1639 339,19 ''' Par.
4828 1591 5173 1639 Quellwärme 7,8 °R
3747 1627 3934 1664 Luftwärme
3989 1632 4234 1677 — 7,4 °R
4257 1639 4515 1679 — 1,6 °R.
4540 1639 4787 1687 — 5,2 °R.
4828 1649 5166 1698 Flußwärme 1,8 °R.
3751 1678 3937 1711 Thaupunkt
3987 1677 4228 1725 — 8,2 °R.
4258 1684 4514 1726 — 4,9 °R.
4537 1689 4783 1728 — 6,0 °R.
4828 1708 5171 1754 Bodenwärme 2,1 °R
3748 1723 3938 1765 Dunſtſättig
4039 1723 4190 1775 93 vCt.
4310 1724 4477 1778 75 vCt.
4592 1736 4742 1775 95 vCt.
3746 1769 3865 1806 Wetter
3986 1766 4255 1823 heiter.
4329 1773 4453 1820 heiter.
4598 1781 4797 1825 heiter.
4825 1768 5165 1810 Ausdünſtung 0,053 '' R
3746 1815 3847 1857 Wind
4080 1825 4133 1864 O.
4319 1828 4450 1866 OSO.
4612 1832 4735 1869 OSO.
4824 1824 5075 1869 Niederſchlag 0.
3732 1861 3933 1915 Wolkenzug
4081 1882 4139 1904 —
4327 1878 4448 1915 OSO.
4630 1884 4694 1912 —
4820 1884 5148 1922 Nachtkälte — 8 0 °
3791 1908 5164 1978 Tagesmittel: 339,33 ''' Par... — 4,7 °R... — 6,4 °R... 87 pCt.
4094 2006 4871 2069 Koͤnigliche Schauſpiele.
3847 2056 5154 2135 Montag, 16. Nov. Im Schauſpielhauſe: Das Kaͤthch
3741 2108 5148 2180 von Heilbronn, großes Ritter⸗Schauſpiel in 5 Abth., nebſt ein
3740 2160 5098 2235 Vorſpiele in 1 Akt, genannt: „Das heimliche Gericht“,
3737 2213 4058 2270 H. von Kleiſt.
3838 2266 5149 2349 Dienſtag, 17. Nov. Im Schauſpielhauſe: Wohnunge
3734 2324 5136 2401 zu vermiethen, komiſches Gemaͤlde in 5 Rahmen, von L. Ange
3705 2365 5134 2443 Hierauf: Der reiſende Student, muſikaliſches Quodlibet in
3726 2416 3856 2474 Abth.
4045 2529 4920 2594 Koͤnigſtaͤdtiſches Theater.
3831 2581 5139 2656 Montag, 16. Nov. Zum erſtenmale wiederholt: Die Ba
3727 2634 5136 2721 ſtille, oder: Wer Andern eine Grube graͤbt, faͤllt ſelbſt hinein,
3719 2685 5135 2765 Original⸗Luſtſpiel in 3 Akten, von C. P. Berger. Vorher: Der
3721 2741 5087 2816 luſtige Rath, Luſtſpiel in 2 Akten, nach dem Franzoͤſiſchen,
3715 2790 3970 2840 Th. Hell.
3823 2848 5084 2918 Dienſtag, 17. Nov. Die Helden, Luſtſpiel in 1 Akt,
3720 2897 5127 2966 Marſano. Hierauf: Konzert, beſtehend aus: 1) Ouvertuͤre.
3695 2949 5080 3026 Der Reiter und ſein Liebchen, Romanze mit Begleitung
3693 3002 5103 3074 Orcheſters, geſungen von Herrn Holzmiller. 3) Pot⸗Pourri
3716 3055 5111 3129 Violoncell, komponirt von Kummer, vorgetragen von Hrn. Lou
3713 3109 5103 3184 Huth. 4) Das Hindu⸗Maͤdchen, Romanze mit Begleitung
3712 3162 5113 3228 Orcheſters, geſungen von Dlle. Haͤhnel. 5) Der Leierman
3711 3214 5114 3285 Lied mit Begleitung des Orcheſters, geſungen von Herrn Fiſch
3709 3269 5107 3340 Die Ouvertuͤre und die Geſang⸗Piecen ſind von Herrn Lo
3707 3321 5095 3396 Huth komponirt. Zum Beſchluß: Das goldene Kreuz, L
3708 3373 5104 3454 ſpiel in 2 Akten, frei nach dem Franzoͤſiſchen, von G. Harr
3705 3426 5105 3502 (Dlle. Planer, vom Theater zu Magdeburg, im erſten Stuͤc
3701 3478 4859 3550 Julie; im zweiten: Chriſtine, als letzte Gaſtrolle.)
4226 3649 4653 3694 Redacteur Cottel.
4464 3801 5069 3857 Gedruckt bei A. W. Hayn.
1251 3959 4439 4171 Allgemeiner Anzeiger fuͤr die Preußiſchen Staaten.
733 4124 1530 4213 Bekanntmachungen.
711 4218 1516 4281 Nothwendiger Verkauf.
607 4264 1682 4333 Das den Kaufleuten Johann Fiſcher und Alexan⸗
556 4310 1683 4370 der Laurentin zugehoͤrige, zu Neufahrwaſſer unter
555 4359 1679 4420 der Servis⸗Nummer 1 und Nr. 3 des Hypotheken⸗
549 4403 1683 4467 buchs verzeichnete Grundſtuͤck, abgeſaͤtzt auf 8837
550 4453 1681 4511 Thlr. 5 ſgr., zufolge der nebſt dem Hypotheken⸗Scheine
547 4501 1681 4563 und Verkaufs⸗Bedingungen in der Regiſtratur ein⸗
544 4542 1677 4616 zuſehenden Taxe ſoll verkauft werden, und es iſt
546 4591 1039 4644 hierzu ein Termin auf
577 4638 1641 4703 den (21.) Ein u. Zwanzigſten März 1836,
541 4688 1671 4757 Vormittags 10 Uhr, an hieſiger Gerichtsſtelle angeſetzt.
542 4733 1659 4804 Königl. Land⸗ und Stadtgericht zu Danzig
598 4872 1590 4936 Land⸗ und Stadtgericht zu Rheine.
581 4920 1665 4989 Das im Kirchſpiele Rieſenbeck, Regie ungs⸗Bezirk
530 4965 1664 5031 Muͤnſter, gelegene Veltmanns⸗Colonat, beſtehend aus
530 5011 1665 5082 mehreren das Colonat bildenden Laͤndereien, abge⸗
528 5060 1663 5130 ſchaͤtzt zu 7064 Thlr. 5 ſgr., zufolge der nebſt Grund⸗
526 5108 1656 5183 akten und Bedingungen in der Regiſtratur einzuſe⸗
525 5157 907 5208 henden Taxe, ſoll
608 5210 1562 5266 am 10. Mai 1836, Morgens 10 Uhr,
519 5247 1651 5310 an hieſiger Gerichtsſtelle an den Meiſtbietenden ver⸗
519 5297 1650 5368 kauft werden. Unbekannte Real⸗Praͤtendenten muͤſ⸗
516 5343 1646 5412 ſen ſpaͤteſtens alsdann bei Strafe der Praͤcluſion
511 5389 1062 5443 ihre Anſpruͤche anmelden.
504 5521 743 5574 No. 17059.
891 5526 1272 5589 Editto.
544 5581 1640 5649 Sopra la petizione di Annunciata Biginata moglie
510 5626 1639 5689 di Luigi Ziviani prodotta il 13. settembre corr. No.
509 5676 1634 5748 17059. contro il suddetto Luigi Ziviani sal punto di
507 5720 1636 5787 dichiarazione di morte del ridetto Luigi Ziviani all'
508 5766 1636 5842 effetto di succedere alla di lui eredità fu da questo
507 5818 1635 5894 imperiale Regio Tribunale di Prima Istanza deputato
508 5866 1630 5926 a pericolo e spese di esso reo convenuto Ziviani in
508 5913 1631 5978 curatore l' avvocato Alessandro Brognoligo e ſissato
508 5955 1631 6022 il termine di un anno per comparire dinanzi lo stesso
506 6003 1629 6073 imperiale Regio Tribunale, come col presente editto
507 6051 1628 6112 vi viene citato, o far avere al suaccennato curatore
505 6096 1629 6161 i documenti di sua esistenza con avvertenza che non
500 6143 1629 6222 dando in alcun modo nolizia di sua esistenza si pro-
506 6191 1285 6260 cederà alla dichiarazione di morte.
551 6237 1628 6313 Il presente editto verrà inscritto a spese dalla is-
502 6286 1629 6361 tante nelle gazzette di Verona, Vienna, Pietroburgo
499 6332 1628 6401 e Berlino, locchè dovrà essere giustilicato dalla is-
498 6378 1626 6450 tante stessa, trascorso il suddetto termine, con suc-
492 6426 963 6474 cessiva di lei istanza.
543 6475 1620 6543 Dall' imp. R. Tribunale Provinciale, Verona li
494 6526 929 6568 18. settembre 1834.
938 6574 1460 6634 In assenza di Presidente
939 6622 1449 6690 II Consigliere Dirigento
1123 6676 1349 6722 Bonfanti.
931 6718 1523 6784 Angeli, I. R. Consigliere.
925 6763 1477 6832 Mola, I. R. Consigliere.
1824 4148 2734 4243 Literariſche Anzeigen.
1902 4242 2655 4312 Einladung zur Subscription
2190 4298 2361 4338 auf eine
1992 4339 2566 4401 Zweite wohlfeile Auflage
1828 4384 2732 4453 der Werke Canova's.
1706 4434 2839 4510 Sammlung von lithographirten Umrissen
2227 4499 2318 4541 nach
1809 4535 2729 4613 seinen Statuen und Basreliefs.
1703 4605 2839 4678 Begleitet von einem erläuternden Texle über jedes
1694 4655 2819 4725 einzelne Werk, nach den Urtheilen der Gräfin Al
1686 4704 2829 4767 brizzi und den besten Kritikern, nebst dem Leben
2134 4759 2322 4800 Canova's
1993 4803 2523 4853 von H. De Latouche.
1696 4844 2827 4915 100 Blätter mit besonderem Text zu jedem Blatt,
1693 4891 2829 4964 in 10 Lieferungen, à 40 kr., 10 ggr., 12 ½ sgr. für 10
2027 4945 2460 4993 Blätter nebst Text.
1737 4984 2823 5050 Ueberzeugt, daſs mancher Kunstfreund, bei dem
1683 5031 2821 5099 hohen Preise der frühern Ausgabe, auf die Anschaf-
1687 5079 2822 5151 fung des Werkes verzichten muſste, glauben wir
1684 5126 2817 5205 daſs unsere Unternehmung, bei dem so billigen
1686 5175 2189 5233 Subscriptionspreis von:
1683 5222 2814 5301 40 kr. 10 ggr., 12 ½ sgr. für 10 Blätter, nebst Text,
1681 5269 2813 5334 anch dem minder bemittelten kunstliebenden Publi-
1679 5315 2811 5387 kum in hohem Grade willkommen sein werde, um
1676 5366 2809 5431 so mehr als die Lithographien weder der ersten
1676 5411 2807 5477 Ausgabe, noch der bei weiten theurern englischen
1671 5457 2806 5527 und fränzösischen Sammlung an Eleganz und Treue
1671 5503 2804 5571 nachstehen, wovon man sich bei Ansicht der be-
1670 5557 2802 5627 reits erschienenen ersten Lieferung über-
1668 5605 1940 5649 zeugen wird.
1713 5649 2799 5714 Die Subscription bleibt bis Ende dieses Jahres
1667 5697 2801 5774 offen; der sofort eintretende Ladenpreis beträgt
1668 5745 2760 5822 1 Fl. oder 15 ggr. oder 19 sgr. für die Lieferung
1712 5793 2798 5858 Das ganze Werk ist binnen eines Jahres voll-
1663 5841 2692 5907 ständig in den Händen der resp. Subscribenten
1707 5887 2795 5950 Alle Buch- und Kunsthandlungen nehmen Bestel-
1660 5934 2795 6005 lungen darauf an, zu Berlin Schloſsplatz No. 2., die
1659 5981 1931 6024 Stuhr'sche.
1703 6030 2352 6083 Stuttgart, im November 1835.
2175 6087 2754 6158 L. F. Rieger & Comp.
1863 6160 2568 6220 Wichtiges Geſchichtswerk!
1701 6203 2788 6281 Im Verlage der unterzeichneten Buchhandlung
1660 6252 2590 6321 erſchien ſo eben die erſte Lieferung der:
2023 6310 2406 6358 Geſchichte
1680 6345 2760 6448 Guſtav Adolphs, Koͤnig von Schweden,
2050 6427 2394 6480 und ſeiner Zeit,
1829 6465 2609 6526 fuͤr Leſer aus allen Staͤnden
2067 6522 2361 6567 bearbeitet von
1892 6563 2538 6625 Profeſſor A. F. Gfroͤrer,
1928 6611 2500 6672 Bibliothekar in Stuttgart.
1685 6651 2737 6726 Ein ſtarker Oktav⸗Band in 8 bis 9 Lieferungen.
1645 6697 2776 6776 Preis: 6 ¼ Sgr. fuͤr eine Lieferung von 5 Bogen.
1864 6752 2569 6816 Mit Kupfern und Holzſchnitten
1642 6790 2765 6870 nach Original⸗Zeichnungen von Dr. Fellner u. A
2925 4175 3999 4243 In dieſem Werke wird nicht bloß das Leben Gu⸗
2875 4220 3999 4289 ſtav Adolphs geſchildert, ſondern auch ein Bild
2874 4264 3998 4332 ſeiner Zeit gegeben. Die Triumphe Guſtavs in
2872 4317 3996 4388 Teutſchland, der Kampf mit einem finſtern, durch
2874 4367 3996 4435 blinden Glaubenseifer eben ſo ſehr als durch ſeine
2872 4413 3994 4479 Macht gefuͤrchteten Kaiſer, mit einem Gegner wie
2870 4460 3995 4522 Wallenſtein, mit Feldherrn wie Pappenheim, der
2869 4509 3991 4578 Wahn, die Grauſamkeiten und Thorheiten jener Zei⸗
2866 4557 3990 4625 ten, der voͤllige Ruin Teutſchlands, der Untergang
2865 4599 3993 4675 ſeiner Staͤdte, ſeiner Induſtrie und Bevoͤlkerung —
2863 4649 3985 4711 endlich das Bild einer Soldateska unter deren bru⸗
2861 4697 3985 4763 taler Fauſt Hohe und Niedrige ſich beugen mußten
2861 4742 3987 4809 — alles dieſes wird ein außerordentliches Panorama,
2858 4789 3982 4856 mit Guſtav Adolph dem Großen in der Mitte, bil⸗
2857 4840 3983 4907 den, um den ſich in groͤßter Mannigfaltigkeit und
2852 4883 3432 4939 Lebendigkeit alles dreht. —
2901 4934 3973 4997 Da das Werk fuͤr ein groͤßeres Publikum in le⸗
2854 4981 3979 5044 bendiger Darſtellung geſchrieben iſt, ſo laſſen wir es
2851 5029 3977 5094 zur Erleichterung der Anſchaffung in Lieferungen von
2850 5077 3976 5138 5 Bogen à 6 Sgr. erſcheinen, und um dem Leſer ein
2846 5123 3977 5184 treues, Bild der merkwuͤrdigſten, Momente aus der
2846 5167 3982 5235 Geſchichte Guſtav Adolphs zu verſchaffen, werden
2841 5215 3972 5286 wir, außer deſſen Portrait, folgende Anſichten nach
2841 5263 3808 5328 trefflichen Zeichnungen dem Werke beifuͤgen:
2891 5308 3969 5386 1) eine Scene aus dem Jugendleben Guſtav Adolphs,
2887 5359 3822 5421 2) die Landung an der pommerſchen Kuͤſte,
2885 5407 3870 5475 3) der Einzug Guſtav Adolphs in Nuͤrnberg,
2883 5451 3618 5514 4) deſſen Aufenthalt in Muͤnchen,
2882 5499 3961 5564 5) eine Gruppe von Soldaten aus dem 30 jaͤhri⸗
2952 5550 3196 5601 gen Kriege,
2871 5592 3462 5653 6) die Schlacht bei Luͤtzen,
2876 5640 3955 5710 7) die Leiche Guſtav Adolphs in Weißenfels aus⸗
2948 5688 3091 5742 geſetzt,
2873 5738 3462 5794 8) das Denkmal bei Luͤtzen
2900 5783 3955 5850 Findet dieſer intereſſante Gegenſtand die zu hof⸗
2824 5827 3951 5896 fende Theilnahme des deutſchen Publikums, ſo ſind
2815 5877 3951 5952 wir bereit auch die Bildniſſe Oxenſtierna's, Tilly's
2820 5927 3820 5992 und Wallenſteins unentgeltlich beizufuͤgen. —
2871 5973 3950 6041 Das Werk wird mit ganz neuen deutlichen Lettern
2822 6018 3952 6089 auf ſchoͤnes Papier in groß Oktav⸗Format gedruckt
2822 6068 3950 6135 und die Ausfuͤhrung der artiſtiſchen Beilagen mit
2818 6115 3952 6182 groͤßter Aufmerkſamkeit behandelt, wie uͤberhaupt auch
2819 6161 3936 6229 die Ausſtattung nichts zu wuͤnſchen uͤbrig laſſen duͤrfte
2862 6209 3946 6275 Die zweite Lieferung erſcheint noch im Laufe
2815 6253 3945 6318 dieſes Monats, das ganze Werk iſt unfehlbar bis
2814 6301 3942 6365 Oſtern 1836 in den Haͤnden der reſp. Subſcribenten.
2862 6351 3943 6419 Auf zehn Exemplare geben wir ein Frei⸗Exemplar.
2850 6397 3924 6462 Beſtellungen darauf koͤnnen in allen Buchhand
2808 6437 3941 6507 lungen des In⸗ und Auslandes gemacht werden in
2812 6491 3903 6561 Berlin bei E. S. Mittler, Stechbahn Nr. 3.
2860 6541 3548 6593 Stuttgart, im Oktober 1835
3296 6593 3840 6652 L. F Rieger u. Comp.
2851 6725 3932 6795 Bei G. Baſſe in Quedlinburg iſt ſo eben erſchie⸗
2802 6771 3931 6848 nen und in Berlin bei udwig Oehmigke, Burg⸗
2798 6811 3783 6888 ſtraße Nr. 8, und in Neu⸗Ruppin zu haben:
4167 4206 5012 4280 Handbuch der Buchbinderkunſt,
4027 4270 5084 4341 mit beſonderer Hinſicht auf die neueſten franzoͤſiſch
4025 4322 5081 4379 und engliſchen Verbeſſerungen und Vervollkommnu
4021 4369 5067 4423 gen. Nebſt gruͤndlichen Belehrungen und Anw
4021 4412 5059 4474 ſungen, enthaltend: das Faͤrben des Schnittes,
4022 4459 5072 4527 Marmoriren, Vergolden, Flecken aus dem Papiere
4020 4506 5008 4574 entfernen, Satiniren des Papiers u. dgl. m.
4016 4555 5012 4614 Anfaͤnger und Liebhaber der Buchbinderkunſt.
4016 4600 5055 4667 L Seb. Le Normand. Nach dem Franzoͤſiſch
4014 4651 4998 4709 bearbeitet und mit vielen Zuſaͤtzen vermehrt.
4111 4700 5032 4763 3 Tafeln Abbildungen. 8 vo. Preis 25 ſgr.
4258 4750 4905 4806 Vollſtaͤndiges Handbuch
4077 4787 5043 4871 fuͤr Hut⸗Fabrikanten,
4012 4861 5054 4926 worin mit Beruͤckſichtigung der in der Hut⸗Fab
4011 4913 5059 4971 kation neuerdings gemachten Fortſchritte und der
4011 4957 5048 5020 theilten Erfindungs Patente gezeigt wird, wie h
4007 5005 5049 5066 jeglicher Art, Tſchako's, Huͤte aus verſchiedenen F
4005 5050 5036 5116 ſorten, aus Seide, Baumwolle und ſonſtigen faſer
4005 5100 4998 5162 ten Stoffen, aus Federn, Leder, Stroh, Holz,
4003 5149 5039 5209 den u. ſ. w. zu verfertigen, ſowie dauerhaft und ſch
4003 5195 4976 5255 in verſchiedenen Couleuren zu faͤrben ſind.
4002 5239 5041 5304 Cluz... und F...., Fabrikanten, und Julius vo
3998 5287 5029 5349 Fontanelle. Aus dem Franzoͤſiſchen uͤberſetzt
3997 5334 5033 5398 mit Zuſaͤtzen vermehrt. Mit 3 Tafeln Abbildung
4360 5391 4777 5445 8 vo. Preis 25 ſgr.
4031 5522 4991 5585 Das 19 Bogen ſtarke Verzeichniß der von
3993 5568 4989 5634 Koͤnigl. Geh. Ober⸗Regierungsrath Hrn. Dr.
3990 5619 4982 5675 den, dem Prof. Hrn. Gieſebrecht, dem Dr.
3987 5663 5007 5726 Hrn. Becker und dem Juſtiz⸗Kom. Hrn. Loe
3987 5712 5021 5772 hinterlaſſenen Buͤcher und Kupferſtich⸗Sammlung
3984 5759 5019 5821 welche nebſt mehreren Lithographien, Zeichnung
3982 5806 5023 5864 Oelgemaͤlden, Muſikalien, Landkarten u Mineralie
3981 5849 5023 5912 Ende Dezember d J zu Berlin verſteigert werde
3979 5902 5021 5967 ſollen, iſt bei dem gerichtl. Auktions⸗Kommif Rauch
3979 5947 4756 6009 Schuͤtzenſtraße Nr. 10, zu haben:
4022 6080 5012 6156 Bei Moritz Westphal in Berlin, Breitestaße
3979 6138 4558 6186 No 20., erschien so eben:
4024 6182 4546 6235 Die erste Nummer vom
3974 6225 5012 6300 Berliner Courier für Militair-Musik
4017 6300 5008 6367 Reiſsiger, F. A., Erinnerung an das La
4059 6344 5010 6402 ger bei Kalisch. Marsch-der Preuſen
4085 6390 5009 6452 Mars h der Russen. Kalischer Favorit-Galopp
4066 6433 5010 6499 1 Danziger und 1 Fischbacher Walzer.
4063 6494 4967 6546 ständige Partitur 2 Thlr. Subscriptionen
4062 6534 5005 6593 sechs Nummern werden mit 9 Thlr. ange
4060 6573 5005 6641 nommen. Die zweite Nummer wird 3 Origi
4059 6629 5008 6689 nal-Märsche von C. Böhmer enthalten
4056 6669 5002 6744 Die Zahlung des Betrages erbitte bei Abliefe
4055 6716 5002 6790 rung jeder Nummer. (Dieselben im Klavier
4054 6782 4437 6835 auszuge 12 ½ sgr.)
6933 540 7947 676 Allgemeine
5881 670 8961 1026 Preußiſche Staats⸗Zeitung.
5230 1020 5581 1117 No 319.
6555 1076 8240 1195 Berlin, Dienſtag den 17ten November
9398 1165 9658 1248 1835.
5312 1330 6434 1439 Amtliche Nachrichten.
5447 1446 6301 1542 Kronik des Tages.
5261 1545 6606 1647 Se. Majeſtaͤt der Koͤnig haben dem bei der Regierung zu
5210 1599 6603 1699 reslau ſtehenden Kanzlei⸗Diener Doͤrrig das Allgemeine Eh⸗
5227 1654 5816 1718 zeichen zu verleihen geruht.
5456 1758 6264 1844 Im Bezirke der Koͤnigl. Regierung
5250 1809 6595 1906 zu Danzig iſt der Predigtamts⸗Kandidat Hildebrandt
5262 1865 6592 1957 evangeliſchen Pfarrer in Schoͤneck und der Predigtamts⸗
5220 1915 6589 2011 ndidat Guſtav Hermann Gretſel zum evangeliſchen
5219 1964 5928 2039 arrer in Patzig ernannt worden;
5248 2018 6585 2117 zu Frankfurt a. d. O. iſt der Prediger Kroͤber zu Fal⸗
5223 2077 6584 2175 ſtein zum evangeliſchen Prediger in Neu⸗Anſpach ernannt,
5246 2125 6592 2226 Rektor Ohneſorge in Soldin als evangeliſcher Prediger
5212 2172 6585 2266 Neu⸗Mecklenburg, der Kandidat Schroͤder als evangeliſcher
5207 2229 6583 2324 arr⸗Adjunkt zu Hohen⸗Carzig und der Rektor Schiffer in
5196 2283 6577 2375 beroſe als evangeliſcher Prediger in Niewiſch angeſtellt worden.
5230 2389 6570 2486 Bei der am 13ten und 14ten d. M. fortgeſetzten Ziehung
5216 2441 6570 2529 5ten Klaſſe 72ſter Koͤnigl. Klaſſen⸗Lotterie fielen 3 Gewinne
5202 2493 6566 2581 5000 Rthlr. auf Nr. 48,472. 71,302 und 107,359 in Ber⸗
5208 2547 6564 2637 bei Burg und bei Seeger und nach Koͤnigsberg in Pr. bei
5203 2601 6560 2692 rchard; 7 Gewinne zu 2000 Rthlr. auf Nr. 17,303. 26,980.
5195 2653 6561 2741 103. 56,499. 77,457. 95,074 und 100,348 in Berlin 3 mal
5199 2706 6557 2795 Seeger, nach Achen bei Levy, Bleicherode bei Fraͤhberg, Bres⸗
5220 2756 6555 2853 bei J. Holſchau und nach Mansfeld bei Schuͤnemann;
5202 2811 6550 2904 Gewinne zu 1000 Rthlr. auf Nr. 8849. 15,895. 20,402.
5187 2858 6549 2955 651. 21,986. 30,621. 43,703. 45,951. 46,473. 55,051. 56,093.
5189 2917 6546 3009 627. 64,366. 68,453. 74,976. 83,456. 90,454. 97,775. 103,850.
5198 2969 6545 3057 ,567 und 106,449 in Berlin bei Gronau, bei Jonas und
5191 3021 6544 3110 al bei Seeger, nach Breslau 3 mal bei J. Holſchau und bei
5177 3075 6542 3166 hreiber, Duͤſſeldorf 2 mal bei Spatz, Frankenſtein bei Fried⸗
5173 3123 6539 3215 der, Glogau bei Levyſohn, Halberſtadt bei Alexander und bei
5182 3178 6538 3272 ßmann, Koͤnigsberg in d. N. bei Jacoby, Merſeburg 2 mal
5179 3229 6535 3328 Kieſelbach, Muͤnſter bei Huͤger, Neiſſe bei Jaͤkel und nach
5163 3284 6531 3376 ettin 2 mal bei Rorin; 41 Gewinne zu 500 Rthlr. auf Nr.
5169 3335 6526 3426 8. 2872 3256. 3314. 4573. 5682. 11,693. 15,211. 15.848.
5177 3387 6525 3483 28. 21 920. 22,762. 24.383. 27,703. 34,931. 34,972. 35,755.
5169 3440 6522 3535 81. 47,120. 49,264 50,134. 52,555. 54,384. 54,922. 56,051.
5145 3486 6520 3589 966. 62,525. 62,884. 63,484. 64,918. 66,402 70,923. 74,299.
5142 3541 6520 3638 346. 83,526. 88,364. 96,871. 97,564. 98,605. 99,379 und
5165 3598 6521 3690 556 in Berlin bei Alevin, bei Baller, bei Burg, 2 mal bei
5145 3653 6519 3739 wer, 2 mal bei Matzdorff, bei Mendheim, bei Meſtag, bei Se⸗
5152 3700 6519 3789 ius, 2 mal bei Seeger und bei Wolff, nach Breslau bei Ger⸗
5262 3753 6516 3844 2 mal bei J. Holſchau und 2 mal bei Schreiber, Coͤln
5176 3796 6512 3903 Krauß, Danzig 2 mal bei Rotzoll, Delitzſch bei Freyberg,
5162 3854 6510 3951 ſſeldorf 2 mal bei Spatz, Erfurt bei Troͤſter, Gruͤnberg bei
5169 3907 6507 4006 wig, Halle bei Lehmann, Hirſchberg bei Martens, Koͤnigs⸗
5147 3960 6505 4051 g in Pr. bei Burchard, Krakau bei Rehefeld, Krotoſchin bei
5155 4011 6503 4104 u, Memel 2 mal bei Kauffmann, Muͤnſter bei Huͤger und bei
5144 4064 6501 4160 n, Quedlinburg bei Dammann, Stettin 2 mal bei Rolin, Til⸗
5166 4118 6498 4215 2 mal bei Loͤwenberg und nach Weißenfels bei Hommel;
5171 4166 6497 4261 Gewinne zu 200 Rthlr. auf Nr. 627. 896. 3074. 3922.
5155 4220 6492 4320 7. 6490. 8811. 8934. 12,874. 15,549. 20,374. 26,143. 26,318.
5138 4268 6492 4371 639. 26 988. 28,036. 29,486. 31,000. 31,917. 34,173. 36,336.
5137 4323 6490 4423 035. 41,270. 43,432. 43,557. 43 568. 45,264. 46,222. 46,871.
5133 4377 6489 4476 230. 48,382. 48,630. 51,643. 57,335. 57,350. 61,139. 61,355.
5133 4428 6486 4536 609. 64,580. 65,117. 65,538. 67,010. 68,554. 69,053. 71,686.
5133 4481 6485 4584 888. 73,139. 74,380. 74,896. 75,873. 77,091. 77,633. 80,291.
5138 4530 6482 4637 940. 84,169. 84,681. 87,583. 92,307. 94,064. 96,409. 97,451.
5137 4581 6481 4687 938. 101,923. 104,253. 105,062. 105,674. 109,736 und
5130 4634 5216 4691 ,797.
5225 4678 5883 4777 Die Ziehung wird fortgeſetzt.
5148 4743 5871 4816 Berlin, den 16. November 1835.
5135 4791 6419 4901 oͤnigl. Preußiſche General⸗Lotterie⸗Direction.
5143 4901 6476 5020 Angekommen: Se. Excellenz der Kaiſerl. Ruſſiſche Hof⸗
5144 4954 6136 5041 er, Graf Muſin⸗Puſchkin, von Dresden.
5181 5142 6307 5270 Zeitungs⸗Nachrichten.
5427 5270 6018 5360 Ausland.
5481 5374 5950 5439 Frankreich.
5126 5416 6451 5532 Paris, den 10. November. Der Ruſſiſche und der Oe⸗
5108 5469 6448 5580 eichiſche Botſchafter wurden vorgeſtern Abend von dem
5105 5519 5397 5594 ige empfangen.
5120 5568 6444 5701 Ein miniſterielles Blatt zeigt heute die Ankunft des Her⸗
5125 5630 5703 5711 von Orleans in Baſtia an.
5107 5669 6439 5791 Herr von Baſſano iſt zum Legations⸗Secretair in Madrid
5104 5736 6439 5850 nnt worden und wird in Bruͤſſel durch Herrn d'Oſſonville
5119 5787 5284 5844 werden.
5110 5829 6433 5960 Die in Paris anweſenden Marine⸗Offiziere aller Grade ha⸗
5111 5882 6431 6016 beſchloſſen, das Andenken des Grafen von Rigny dadurch
5091 5933 6428 6063 ehren, daß ſie abwechſelnd bis zur Beerdigung Tag und
5090 5986 6160 6103 ht bei der Leiche des Verſtorbenen Wache halten.
5087 6041 6424 6172 In der Gazette de France lieſt man: „Die nach Ham
5094 6097 6421 6217 dte Kommiſſion von Aerzten, die den Geſundheits⸗Zuſtand
5080 6144 6419 6269 Herrn von Chantelauze pruͤfen und einen Bericht daruͤber
5084 6201 6417 6333 tten ſollte, iſt, wie man ſagt, zuruͤckgekehrt, ohne ihren Auf⸗
5080 6252 6413 6374 ausfuͤhren zu koͤnnen. Der ehrenwerthe Gefangene ſoll den
5080 6302 6416 6433 ten erklaͤrt haben, daß er nicht der Gegenſtand einer beſon⸗
5109 6357 6409 6477 Nachſicht ſeyn und ſich nicht den Reſultaten eines Be⸗
5098 6420 6407 6535 unterwerfen wolle, in den ſeine Ungluͤcks⸗Gefaͤhrten, die
5069 6455 6404 6596 falls mehr oder minder leidend waͤren, nicht mit inbegriffen
5059 6514 5139 6559 en."
5067 6558 6401 6698 Man ſchreibt aus Algier unterm 30ſten v. M.: „Unſer
5067 6613 6397 6742 verneur ſchiffte ſich am 26ſten um 6 Uhr Abends, in Be⸗
5059 6666 6394 6804 ung mehrerer Artillerie⸗, Ingenieur⸗ und anderer Offiziere,
5057 6715 6394 6858 dem Dampfboote „der Styx“ nach Bugia ein. In dem⸗
6686 1385 8133 1485 ſelben Augenblicke, wo das Schiff auf der dortigen Rhede vor
6684 1436 8130 1547 Anker ging, wurde das Blockhaus in der Ebene von einer Schaar
6680 1490 8128 1590 Arabiſcher Reiter angegriffen, ſo daß das Klein⸗Gewehrfeuer ſich
6678 1545 8127 1642 in den Donner des Geſchuͤtzes miſchte, womit der Gouverneur
6675 1596 8124 1691 bei ſeiner Ankunft begruͤßt wurde. Nachdem der Marſchall den
6670 1648 8123 1746 Kommandanten Oberſten von La Rochette empfangen, begab er
6663 1691 8120 1805 ſich zu Pferde nach dem Jurjura⸗Gebirge, um das auf dem hoͤch⸗
6670 1756 8120 1850 ſten Punkte deſſelben angelegte Fort zu beſichtigen. Von hier
6667 1807 8118 1897 folgte er eine Zeitlang dem Gefechte, das ſich in der Ebene mit
6666 1863 8128 1963 den Arabern entſpann und manchen intereſſanten Mo⸗
6662 1918 8124 2015 ment darbot. Die Beduinen warfen ſich von ihren Pferden,
6661 1966 8112 2058 verſteckten ſich im Gebuͤſche, oder legten ſich hinter Felſen in
6656 2007 8110 2111 Hinterhalte, feuerten von hier aus ihre Gewehre ab, oftmals
6657 2072 8109 2166 außerhalb der Schußweite, und legten ſich ſodann nachlaͤſſig im
6646 2109 8105 2216 Graſe neben ihren Pferden nieder, die in aller Ruhe weideten.
6653 2173 8105 2269 Daß Gefechte dieſer Art nicht eben moͤrderiſch ſeyn koͤnnen, vor⸗
6650 2226 8106 2332 zuͤglich wenn die Gegenpart hinter einem Blockhauſe verſchanzt
6650 2279 8103 2382 iſt, leuchtet ein. Indeſſen hatten die Araber ihrem Oberhaupte
6647 2333 8099 2424 verſprochen, jedenfalls die Stadt anzugreifen, und ſie wuͤrden die⸗
6647 2383 8097 2477 ſes Verſprechen vielleicht auch gehalten haben, wenn nicht ein
6645 2435 8095 2533 Platzregen, wie ſolcher um die gegenwaͤrtige Jahreszeit in Afrika
6643 2489 8093 2584 ſo haͤufig iſt, hinzugetreten waͤre und dem Gefechte auf einmal
6640 2544 8092 2633 ein Ende gemacht haͤtte. Binnen einer halben Stunde
6638 2599 8089 2696 war kein Araber mehr zu ſehen. Nach der Ruͤckkehr
6636 2649 8087 2744 des Marſchalls von ſeiner Excurſion muſterte er noch auf dem
6635 2699 8091 2801 Waffenplatze die Truppen der Garniſon und kehrte ſodann auf
6631 2755 8084 2859 dem „Styx“ nach Algier zuruͤck, wo er am 28ſten um 11 Uhr
6630 2803 8081 2900 Vormittags wieder eintraf. Bugia bietet gleichzeitig einen er⸗
6628 2858 8078 2954 freulichen und einen hoͤchſt betruͤbenden Anblick dar. Wirft man
6626 2915 8079 3006 das Auge auf die maleriſche Lage der Stadt und auf die ſchoͤne
6624 2962 8076 3060 Ebene, durch welche ſich ſehr anmuthig ein kleiner Fluß ſchlaͤn⸗
6620 3019 8074 3117 gelt, waͤhrend das hohe Gebirge die ganze Umgegend beherrſcht,
6620 3069 8091 3175 ſo iſt man entzuͤckt uͤber ſo viele Naturſchoͤnheiten; durchwandelt
6617 3129 8083 3224 man dagegen die Straßen, die aus halb verfallenen Haͤuſern be⸗
6617 3176 8071 3273 ſtehen, und in welchen, Geſpenſtern gleich, die Bewohner halb
6612 3233 8069 3327 zerlumpt und mit bleifarbenen Geſichtern einherſchleichen, ſo kann
6611 3284 8069 3382 man ſich eines ſchmerzlichen Gefuͤhls nicht erwehren. Man hofft
6610 3334 8065 3438 ſpaͤterhin wenigſtens die Truppen der Beſatzung vor den ſchaͤd⸗
6608 3387 7730 3474 lichen Einfluͤſſen der dortigen Luft zu bewahren.“
6710 3441 8058 3532 Das Journal de Paris enthaͤlt die nachſtehende Mit⸗
6604 3490 8058 3589 theilung, die der Capitain der Engliſchen Fregatte „Magicienne“
6602 3546 8057 3645 den Militair⸗Behoͤrden von Aſturien gemacht hat: „Ich erhalte
6601 3597 8054 3701 ſo eben von dem Oberbefehlshaber dieſer Station, Admiral Sir
6599 3648 8055 3742 W. Gage, den Befehl, durch alle mir zu Gebote ſtehende Mittel
6599 3701 8054 3791 die Sache Ihrer katholiſchen Majeſtaͤt gegen Don Carlos und
6598 3750 8057 3853 ſeine Anhaͤnger zu unterſtuͤtzen.“ (S. den Art. Spanien im ge⸗
6596 3801 7240 3877 ſtrigen Blatte der St. Ztg.)
6698 3856 8051 3950 Nachrichten aus Barcelona vom 1. Nov. zufolge, hatte
6590 3903 8045 4003 ſich dort das Geruͤcht verbreitet, daß 3000 Mann von dem Por⸗
6586 3960 8042 4057 tugieſiſchen Huͤlfs⸗Corps in Liſſabon eingeſchifft und zur See
6583 4011 8039 4117 nach Catalonien geſchafft werden wuͤrden. Gleichzeitig ſoll Herr
6575 4061 8037 4158 Mendizabal die Portugieſiſche Regierung erſucht haben, mit der⸗
6569 4111 8035 4218 ſelben Gelegenheit, alle irgend entbehrliche Gewehre nach der ge⸗
6578 4165 8033 4260 dachten Provinz gelangen zu laſſen. Auch hieß es, in den An⸗
6581 4223 8039 4320 daluſiſchen Haͤfen wuͤrden 5000 Spanier nach Catalonien einge⸗
6573 4271 8039 4372 ſchifft werden. Der „Vapor“ will wiſſen, daß die Franzoͤſiſche
6571 4321 8039 4423 Regierung auf den Antrag des Generals Mina den Befehl
6570 4382 8035 4478 ertheilt habe, ſaͤmmtliche Waffen, die den Karliſten bei ihrem
6570 4432 8029 4526 Uebertritte auf Franzoͤſiſches Gebiet abgenommen worden und die
6567 4483 8025 4583 bisher in den Depots aufbewahrt wurden, der Spaniſchen Re⸗
6563 4539 7028 4599 gierung auszuliefern.
6665 4597 8025 4690 Im National lieſt man: „Da die Verbindungen mit
6562 4638 8021 4751 Barcelona wiederhergeſtellt ſind, ſo empfangen wir ein Aktenſtuͤck,
6558 4704 8020 4798 aus dem hervorgeht, daß Mina nicht allein die Errichtung einer
6557 4755 8017 4853 neuen Junta befohlen, ſondern auch ſogar die von der vorigen
6552 4802 8015 4901 Junta niedergeſetzte Kommiſſion, welche beauftragt war, alle
6547 4852 8013 4957 Zoͤlle, Abgaben u. ſ. w. einzuziehen, und dieſelben ausſchließ⸗
6550 4912 8011 5007 lich in den Provinzial⸗Schatz fließen zu laſſen, bei⸗
6547 4962 8011 5061 behalten hat. So gehen alſo unſere erſten Vermuthungen uͤber
6545 5015 8007 5113 die Stellung, die Mina in Catalonien einnehmen wuͤrde, in Er⸗
6543 5067 8005 5169 fuͤllung. Die Junta von Barcelona hatte nicht gefuͤhlt, daß ſie
6540 5123 8002 5222 die Waffen nicht eher niederlegen duͤrfe, als bis das Miniſterium
6536 5175 7997 5270 ſeine Verſprechungen gehalten habe. Was nun aber die Junta als
6533 5220 7998 5325 Lokal⸗Repraͤſentation nicht gethan hat, das ſcheint Mina als politi⸗
6527 5275 7997 5373 ſcher und militairiſcher Gouverneur thun zu wollen. Man erkennt
6519 5319 7993 5432 in den obenerwaͤhnten Anordnungen weniger den von der Regen⸗
6527 5387 7992 5485 tin ernannten General⸗Capitain, als das durch die oͤffentliche
6527 5438 7990 5536 Stimme herbeigerufene revolutionaire Oberhaupt.“ — Daſſelbe
6523 5491 7987 5590 Blatt aͤußert ſich uͤber den Zuſtand Spaniens in folgender
6523 5543 7983 5639 Weiſe: „Politiſche Plaͤne, die nicht gelingen, moͤgen ſie nun
6519 5599 7982 5696 im Intereſſe der Regierung oder in dem der Freiheit entworfen
6516 5649 7978 5747 ſeyn, thun einer Nation unbedenklich den meiſten Schaden.
6512 5702 7979 5801 Die Doktrin des juste-milieu, die durch den Einfluß des Fran⸗
6508 5756 7985 5857 zoͤſiſchen Miniſteriums nach Spanien verpflanzt worden iſt, giebt
6507 5813 7989 5905 gegenwaͤrtig dieſem ungluͤcklichen Lande den Buͤrgerkrieg im Na⸗
6506 5870 7983 5965 men zweier Koͤnigreiche. Da man es jetzt als einen Triumph
6505 5915 7971 6008 betrachtet, laut erklaͤren zu duͤrfen, daß das Koͤnigl. Statut der
6503 5968 7968 6062 Punkt ſeyn wird, von dem man auszugehen gedenkt, um Ver⸗
6501 6022 7966 6124 aͤnderungen in den conſtitutionnellen Inſtitutionen vorzu⸗
6497 6075 7966 6174 nehmen, warum geſtand man nicht die Nothwendigkeit dieſer
6495 6127 7977 6228 Veraͤnderungen vor der Ankunft des Don Carlos, vor
6494 6180 7969 6281 ſeinen militairiſchen Erfolgen, und alſo vor der Bildung der Jun⸗
6491 6238 7960 6334 ten ein? Das Land befand ſich damals in Frieden; die verſchie⸗
6489 6289 7957 6392 denen Meinungen konnten ſich einander durch gegenſeitige Zuge⸗
6486 6339 7955 6443 ſtaͤndniſſe naͤhern. Aber damals weigerte ſich die verwittwete
6481 6389 7952 6499 Koͤnigin ſogar, die demuͤthigen Bittſchriften der Prokuradoren⸗
6478 6443 7951 6540 Kammer zu leſen, und die gemaͤßigtſten Wuͤnſche der Freunde der
6478 6493 7947 6607 Freiheit wurden als Attentate gegen die Majeſtaͤt des Thrones
6474 6545 7944 6654 zuruͤckgewieſen. Herr Mendizabal erſcheint gegenwaͤrtig groß
6474 6604 7941 6705 durch die Fehler ſeiner Vorgaͤnger, und beſonders dadurch, daß
6475 6655 7941 6750 er allein ſteht, daß er durch geheime Zugeſtaͤndniſſe von den mit
6469 6699 7937 6812 Recht unzufriedenen Parteien einen Waffenſtillſtand bis zur Eroͤff⸗
6467 6766 7936 6866 nung der Cortes erlangt hat. Aber wenn der Augenblick koͤmmt,
6466 6819 7933 6918 wo er zu gleicher Zeit mit den Kammern zu parlamentiren und
8204 1442 9658 1522 den militairiſchen Ereigniſſen, die die Gemuͤther entweder
8202 1494 9654 1577 durch Siege oder durch Niederlagen aufregen werden, ſeine
8196 1535 9654 1631 Aufmerkſamkeit zuzuwenden hat, dann wird ſeine Stellung au⸗
8199 1594 9651 1681 ßerordentlich ſchwierig werden. Er ſah dies ohne Zweifel vor⸗
8195 1656 9648 1735 aus, als er aus eigener Machtvollkommenheit das Volk zu den
8192 1701 9647 1784 Waffen rief, und aus dieſer Conſcription eine ſo eigenmaͤchtige und
8188 1752 9646 1835 willkuͤrliche Finanz⸗Operation machte, wie nur je eine erdacht
8191 1813 9650 1891 worden iſt. Er vermied dadurch in einer ſo wichtigen Angele⸗
8189 1860 9649 1943 genheit das Einſchreiten der Cortes. Ein Diktator haͤtte nicht
8188 1915 9651 1996 weiter gehen koͤnnen. Wird der Erfolg ihn rechtfertigen? In
8187 1963 9648 2049 England zweifelt man daran. Wir unſererſeits haben gleich kei⸗
8185 2019 9647 2106 nen Anſtand genommen, an der Wirkſamkeit dieſer Maßregel zu zwei⸗
8184 2069 9644 2153 feln. Wir wiſſen aus Erfahrung, daß, da auf die patriotiſchen Ge⸗
8183 2123 9642 2209 ſchenke immer gezwungene Geld⸗Ausſchreiben folgen, die zu Beitraͤgen
8179 2179 9640 2258 geneigten Perſonen in der Regel bis zu dem Zeitpunkte warten, wo ſie
8178 2236 9637 2318 gezwungen werden; aber auf eine Conſcription, wie ſie Herr
8177 2279 9635 2368 Mendizabal erſonnen hat, und beſonders auf die Loskaufung,
8174 2336 9636 2417 worauf er ſeine Hoffnungen gruͤndet, waren wir doch nicht ge⸗
8160 2377 9638 2468 faßt. Die Willkuͤr iſt zu groß, als daß ſie nicht eine ernſte Un⸗
8169 2438 9631 2523 zufriedenheit erregen ſollte. Die Junten werden unter irgend
8168 2491 9632 2575 einem Vorwande wieder zuſammentreten, ſo lange der Buͤrger⸗
8165 2543 9631 2626 krieg dauert, ſo lange die Preß⸗Freiheit nicht proklamirt iſt, und
8163 2593 9633 2679 bis nicht ein Wahlgeſetz dem Lande eine wahrhafte Repraͤſenta⸗
8161 2648 8568 2709 tion gegeben hat.“
8434 2742 9344 2820 Großbritanien und Irland.
8258 2807 9624 2890 London, 9. Nov. Am Freitage wurde der Capitain Sir
8152 2855 9620 2948 John Roß in Brighton von Ihren Majeſtaͤten zur Tafel geladen.
8254 2912 9618 2999 Der Graf und die Graͤfin Mulgrave ſind am vorigen Mon⸗
8152 2970 9613 3054 tag von ihrer noͤrdlichen Rundreiſe wieder in Dublin angelangt.
8240 3014 9617 3108 Lord Melbourne wird heute von ſeinem Landſitz hier zuruͤck⸗
8141 3072 9616 3161 erwartet, da er die Einladung des neuen Lord⸗Mayors, Herrn
8143 3114 9610 3205 Copeland, zu dem heute Abend in der City ſtattfindenden Ban⸗
8138 3172 9627 3263 kett angenommen haben ſoll; auch Herr Spring Rice wird, dem
8135 3222 9607 3309 Vernehmen nach, dem Lord⸗Mayors⸗Schmauſe beiwohnen. Lord
8144 3281 9607 3373 John Ruſſell ſieht ſich verhindert, an dieſer Feſtlichkeit Theil zu
8140 3333 9604 3426 nehmen, weil er ſchon fruͤher eine Einladung der Stadt Briſtol
8137 3392 9606 3477 zu einem oͤffentlichen Diner, welches ihm morgen dort gegeben
8137 3443 8845 3511 werden ſoll, angenommen hatte.
8218 3493 9605 3582 Lord Palmerſton iſt von hier nach Tiverton in Devonſhire
8132 3540 8320 3596 abgereiſt.
8237 3599 9601 3680 Sir George Grey, der Unter⸗Staats⸗Secretair fuͤr die Ko⸗
8132 3651 9602 3746 lonieen, iſt vorgeſtern von ſeiner Reiſe nach Paris und Bruͤſſel
8128 3704 8418 3760 zuruͤckgekehrt.
8232 3757 9597 3849 Herr Spring Rice iſt dem Beiſpiel Lord J. Ruſſell's ge⸗
8130 3804 9599 3902 folgt, der bekanntlich vor kurzem ſeine Abneigung gegen organiſche
8128 3855 9599 3945 Veraͤnderungen in der Conſtitution kundgab; er wurde naͤmlich vor
8124 3911 9598 4006 einigen Tagen von den Waͤhlern von Limerick, welches er fruͤher
8120 3962 9592 4059 repraͤſentirte, das aber jetzt einen Repealer, den Herrn Roche,
8113 4013 9591 4106 zum Repraͤſentanten hat, durch dieſen Letzteren zu einem Diner
8112 4067 9586 4167 eingeladen, lehnte aber, Ueberhaͤufung mit Geſchaͤften vorſchuͤtzend,
8112 4118 9589 4214 die Einladung ab. In dem Schreiben nun, womit er darauf
8109 4176 9584 4260 antwortet, ſagt er unter Anderem: „Ich werde mich ſtets bemuͤ⸗
8109 4221 9584 4319 hen, ſey es in der Oppoſition oder als Miniſter der Krone, die
8108 4274 9582 4366 Sache der nationalen Verbeſſerungen zu befoͤrdern, dabei aber
8105 4333 9584 4425 an den Grundſaͤtzen unſerer gemiſchten monarchi⸗
8099 4374 9578 4479 ſchen Verfaſſung feſthalten und mich in Betreff der Errei⸗
8098 4433 9582 4542 chung nuͤtzlicher und praktiſcher Reformen auf die der Conſtitution
8095 4481 8896 4555 ſelbſt inwohnende Kraft verlaſſen.“
8203 4541 9578 4641 Der Marquis von Waterford iſt am vorigen Montage auf
8099 4594 9578 4693 einer Jagdpartie mit dem Pferde geſtuͤrzt und hat ſich dabei
8098 4645 8410 4705 ſchwer verletzt.
8197 4697 9571 4792 Die zur Beſtreitung der Koſten, welche den Herren O'Connell
8094 4751 9567 4849 und Ruthven die Verfechtung ihrer Parlamentsſitze gegen ihre
8091 4802 9562 4906 Gegner, die Tory⸗Kandidaten, vor der Dubliner Wahl⸗Kommiſſion
8088 4859 9561 4960 verurſacht, von den Freunden jener beiden Herren aufgebrachte
8087 4908 9560 5011 Summe von 2300 Pfund iſt jetzt ſchon erſchoͤpft; O'Connell hat
8085 4961 9558 5063 kuͤrzlich dem Herrn Finn 900 Pfund aus ſeiner Taſche zu dem⸗
8082 5014 9557 5119 ſelben Zweck gezahlt und denſelben zu der Erklaͤrung beauftragt,
8080 5069 9556 5175 daß er die Buͤrger von Dublin nicht ferner in Anſpruch neh⸗
8076 5124 9556 5222 men, ſondern die weiteren Koſten ſelbſt tragen wolle. Bisher
8074 5172 9552 5269 hat dieſe Kommiſſion woͤchentlich 60 Pfund gekoſtet, und man
8071 5228 9550 5326 glaubt, daß ſie jetzt, wo die Vertheidigung der beiden Mitglieder
8069 5278 9548 5379 begonnen hat, deren Wahl angefochten worden iſt, noch mehr
8068 5333 8330 5382 koſten wird.
8171 5387 9543 5495 Der Biſchof von Waterford hat die Einſammlung der jaͤhr⸗
8064 5439 9540 5541 lichen Rente fuͤr O'Connell in der großen Kapelle zu Waterford
8051 5490 9539 5587 genehmigt und 20 Pfund zu dem Tribut beigetragen. Ueber die
8049 5533 9535 5640 Art, wie dieſe Steuer in Irland erhoben wird, berichtet der Al⸗
8056 5595 9534 5700 bion Folgendes: „In jeder Gemeinde gehen etwa zwoͤlf Per⸗
8055 5651 9533 5746 ſonen von Haus zu Haus, begleitet von Gehuͤlfen, und voran
8052 5707 9529 5805 ein kleiner Knabe mit einem Gefaͤß voll Getraide. Ueberall, wo
8051 5758 9528 5861 die Einſammler gut aufgenommen werden, ertoͤnt ein Bravoruf,
8048 5815 9526 5908 wodurch verkuͤndet wird, daß der Eigenthuͤmer des Hauſes ein
8046 5859 9520 5966 Freund Irlands ſey; weigert ſich dagegen der Haus⸗Eigenthuͤmer,
8044 5922 9516 6014 etwas zu geben, ſo wird eine Hand voll Getraide auf ſeine
8044 5969 9511 6065 Schwelle geſtreut. Durch dieſe Ceremonie wird der dadurch Be⸗
8041 6019 9511 6113 troffene gewiſſermaßen in den Bann gethan. Manchmal koͤmmt
8039 6080 9506 6176 dann wohl noch ein Prieſter, um den Widerſpaͤnſtigen zu beleh⸗
8036 6133 9501 6227 ren; giebt dieſer dann nach, ſo iſt der Bann geloͤſt, wo nicht, ſo
8033 6182 9092 6260 bleibt er aus der Gemeinſchaft ausgeſchloſſen.“
8133 6235 9502 6326 Die Morning Chronicle macht der Times bittere Vor⸗
8029 6287 9500 6382 wuͤrfe daruͤber, daß ſie den Bericht, den die Kommiſſion uͤber
8027 6340 9498 6443 die Wahlumtriebe abgeſtattet, dazu benutze, die katholiſche Geiſt⸗
8024 6394 9496 6488 lichkeit in Irland auf eine ſo ungerechte Weiſe anzugreifen und
8021 6447 9501 6548 in der oͤffentlichen Meinung herabzuſetzen, indem ſie gerade alles
8018 6502 9502 6607 dasjenige aus jenem Bericht hervorſuche, was irgend ein unguͤn⸗
8017 6552 9498 6655 ſtiges Licht auf den Katholizismus werfen koͤnne, obgleich unter
8015 6608 9492 6709 den 2000 katholiſchen Geiſtlichen, welche Irland zaͤhle, kaum
8011 6659 9487 6762 zehn oder zwoͤlf von dem Ausſchuß, der ſich mit Unterſuchung
8011 6713 9485 6805 der Einſchuͤchterungen und Beſtechungen bei den Parlaments⸗
8008 6766 9472 6865 wahlen beſchaͤftigt, als ſolche aufgefuͤhrt worden ſeyen, die ſich
8006 6818 9474 6917 waͤhrend der letzten Wahl durch einen unbeſonnenen Eifer zu Gunſten
8006 6871 9470 6983 der liberalen Sache bemerklich gemacht. „Dieſe Maͤnner“, ſagt
