9784 6568
2466 400 2624 478 1188
528 509 1778 590 In Betreff der Sprachverhältniſſe im nördlichen Schleswig liegt
438 557 1777 636 abermals eine neue Allerhöchſte Reſolution vor. Sicherem Verneh⸗
433 604 1776 680 men nach, iſt nämlich beſchloſſen, daß in Zukunft auch ſämmtliche Erlaſſe
432 652 1781 725 der adminiſtrativen Kollegien den Betreffenden im nördlichen Schles⸗
430 699 1776 778 wig in däniſcher Sprache kommunizirt werden ſollen, und daß die
426 747 1777 824 Lokal⸗Behörden die Erlaſſe der K. Kollegien in die däniſche Sprache
426 795 1777 872 zu übertragen haben. Als Veranlaſſung zu dieſem Beſchluß wird die
425 844 1777 918 Weigerung eines Predigers im Amte Hadersleben bezeichnet, welcher
423 889 1778 959 ein in deutſcher Sprache an ihn ergangenes Schreiben der ſchleswig⸗
422 943 1254 1014 holſteiniſchen Regierung zu publiziren hatte.
876 1042 1264 1096 Aegypten.
509 1103 1781 1160 Alexandrien, 6. Juli. Wir leben in einer gänzlichen Stille,
417 1154 1783 1219 ſowohl in Geſchäften als in politiſcher Hinſicht. Geſtern iſt Ibrahim
417 1204 1782 1267 Paſcha, der ſich nun einer guten Geſundheit erfreut, von Kahira an⸗
412 1252 1786 1317 gelangt; er wird längere Zeit hier verweilen. Mehmed Ali befindet
414 1301 1788 1363 ſich ſeit einigen Tagen etwas unpäßlich; wir haben aber auch viel
413 1350 1788 1404 von der großen Hitze zu leiden, um Mittag hatten wir 27 Grad R.
412 1397 1788 1450 im Schatten. Die Peſt, ſtatt wie gewöhnlich in dieſer Jahreszeit
412 1440 1793 1504 abzunehmen, iſt eher im Steigen, geſtern brachte das Sanitäts⸗Bülle⸗
411 1491 1786 1547 tin 8, heute 6 Fälle, alle unter dem Militair, das ſchon mehrere
411 1544 1160 1599 Wochen unter Quarantaine geſtellt iſt.
582 1633 1593 1693 Vereinigte Staaten von Nord-Amerika.
493 1714 1783 1771 ** Philadelphia, im Juni. Aus dem ſo eben erſchienenen
408 1763 1784 1822 amtlichen Berichte an die Legislatur dieſes Staates über das hieſige
406 1812 1782 1869 berühmte Bußhaus im Jahre 1843, eile ich, Ihnen Folgendes mit⸗
407 1860 1783 1919 zutheilen. Was die Angaben des bei unſerer Gefängniß⸗Anſtalt im
407 1909 1784 1966 verwichenen Jahre neu angeſtellten Arztes betrifft, ſo kann ich Ihnen
407 1958 1785 2014 verſichern, daß ich, durch perſönliche Bekanntſchaft mit ihm, von ſeiner
407 2001 1785 2063 völligen Wahrhaftigkeit überzeugt bin. Er wohnt im Strafhauſe
408 2055 1785 2111 ſelbſt, und hat keine weitere Beſchäftigung außerhalb deſſelben. In
408 2104 1786 2159 dieſem Berichte ſagt er unter Anderem: „Ich bin nicht im Stande
410 2151 1785 2210 geweſen, irgend eine Krankheit, die dem Bußhauſe eigenthümlich ſei,
410 2200 1784 2256 zu entdecken“, das heißt, wie aus dem Berichte hervorgeht, die ſich
412 2251 1785 2307 ganz beſonders hier entfaltet hätte. Während des letzten Jahres wurden
410 2298 1794 2354 nach mehr als zweijährigem Gefängniſſe entlaſſen, 15 in beſſerer Ge⸗
412 2347 1785 2403 ſundheit, 36 eben ſo geſund als beim Eintritt und 6 in ſchlechterer
414 2395 1785 2451 Geſundheit. Sie kamen nämlich ſchon krank oder kränklich ins Buß⸗
1849 497 3226 552 haus. Zwei ſtarben. Von denen, die bis zu zweijähriger Gefangen⸗
1849 545 3226 600 ſchaft entlaſſen wurden, waren 16 in beſſerer Geſundheit, 21 eben ſo
1849 593 3224 650 geſund wie beim Eintritt, 3 in ſchlechterer Geſundheit und 3 geſtor⸗
1849 641 3224 698 ben. Er fügt hinzu, daß faſt Alle, die er als mit ſchlechterer Ge⸗
1850 688 3228 745 ſundheit entlaſſen aufgeführt habe, nur ſehr leicht unpäßlich waren
1850 736 3223 795 und bloß ſagten, daß ſie ſich nicht ſo wohl befänden, als da ſie ins
1851 794 2288 844 Gefängniß gekommen.
1951 832 3227 890 Hinſichtlich der immer wiederholten Angriffe auf das Vereinze⸗
1852 881 3228 941 lungs⸗Syſtem wegen Seelenſtörung, die durch fortgeſetzte Einſam⸗
1852 928 3227 986 keit hervorgebracht werden ſoll, ſagt der Bericht der Inſpektoren, daß
1855 978 3228 1041 erſtens Wahnſinn in allen Gefängniſſen vorkommt, und daß jetzt z. B.
1853 1028 3228 1087 24 Wahnſinnige in Singſing ſind, wo die Sträflinge nur Nachts ge⸗
1856 1075 3229 1133 trennt werden, daß zweitens im letzten Jahre kein Fall dieſer Art
1856 1123 3229 1184 in Philadelphia vorgekommen iſt, und daß man drittens nie vergeſſen
1857 1173 3230 1233 muß, daß es in Pennſylvanien immer noch keine Fürſorge für arme
1860 1221 3230 1281 Geiſteskranke giebt, alſo Leute, die wahnſinnig das begangen haben
1860 1270 3231 1328 was bei geſunden Menſchen Verbrechen wäre, ins Bußhaus, als in
1863 1318 3231 1377 einen Zufluchtsort, geſendet werden. Unter allen 4 bis 500 Gefan⸗
1863 1370 3232 1429 genen im Jahre 1843, gab es 27 die nicht Schreiben noch Leſen ler⸗
1862 1418 3235 1479 nen konnten, weil ſie zu ſchwach an Geiſt waren, ſei es durch das
1861 1466 3235 1522 Laſter des Trunks oder andere Urſachen. Auch beſitzen die In⸗
1861 1515 3237 1570 ſpektoren hier nicht die Gewalt, wie in anderen Staaten, die Irren
1861 1569 2816 1620 aus dem Gefängniſſe in ein Hoſpital zu ſenden.
1960 1613 3239 1665 Aus mehreren Tabellen, die Herr Thompſon, der Direktor des
1860 1655 3239 1726 Bußhauſes, ſeinem Berichte beigefügt hat, ergiebt ſich, daß im letz⸗
1860 1704 3240 1764 ten Jahre in fünf Gefängniſſen nach dem auburnſchen Schweig⸗
1858 1757 3238 1809 Syſteme die Sterblichkeit 2,41 vom Hundert war, in drei Gefäng⸗
1859 1801 3242 1858 niſſen nach dem pennſylvaniſchen Vereinzelungs⸗Syſtem aber 1,96.
1858 1848 3235 1906 Ferner ſtarben in Wethersfield (nach dem Schweig⸗Syſteme) in drei
1858 1896 3235 1953 Jahren 2,82 Weiße vom Hundert und 10,06 Farbige. Im gleichen
1858 1944 3236 2000 Zeitraume ſtarben aber im Strafhauſe von Philadelphia nur 1,85
1859 1990 3236 2049 Weiße vom Hundert und 6,63 Farbige. Dies letzte Ergebniß freut
1859 2039 3236 2097 mich um ſo mehr, da man gefürchtet hatte, daß Farbige wegen ihrer
1849 2089 3236 2151 ſchwächeren Lungen das Vereinzelungs⸗Syſtem nicht ſo leicht ertragen
1854 2149 2009 2189 konnten.
1960 2186 3237 2243 Sie werden auch in dieſem Jahres⸗Berichte einen Auszug aus
1860 2235 3237 2293 dem der Inſpektoren von Singſing finden, aus welchem hervorgeht,
1860 2282 3237 2347 daß ſelbſt dieſe auf die Einführung der Vereinzelung an die Stelle
1861 2331 3238 2392 des Schweigſyſtems für Frauen in New⸗York angetragen haben.
1861 2380 3239 2441 Hauptmann Lynds, der Stifter des Schweigſyſtems, ſagte mir im
3297 490 4686 549 vorigen Herbſte, daß das Vereinzelungs⸗Syſtem das einzige unter
3300 539 4265 597 den beiden genannten für Frauen anwendbar ſei.
3538 678 4442 745 Handels- und Börſen-Nachrichten.
3390 757 4689 808 4. Amſterdam, 27. Juli. Zu Anfang dieſer Woche erſchienen
3299 800 4690 851 mehrere Beſchlüſſe der dieſſeitigen Regierung, bezüglich den Umtauſch von
3299 844 4691 895 holländiſchen Staatspapieren, welche einigen Eindruck auf die Courſe der
3298 887 4690 942 dabei betheiligten Effekten gehabt haben. Der geringe Erfolg. den die Un⸗
3300 931 4688 984 terbringung der 80 Millionen belgiſchen Schuld mittelſt Subſcription kürz⸗
3299 976 4689 1022 lich gehabt hat, indem davon nur ein kleiner Theil und dieſer meiſtens nur
3299 1019 4689 1065 gegen baare Zahlung abgenommen wird, hat den Finanz⸗Miniſter bewogen,
3299 1060 4694 1104 den Subſkribenten für letztere Weiſe die Freiheit zu bewilligen, ſtatt baare
3300 1101 4693 1151 Zahlung ad 61 pCt., holländiſche 2 ½ prozentige wirkliche Schuld, gegen eine
3301 1144 4698 1194 Vergütung von 1 pCt. vom nominalen Betrag, an Zahlungsſtatt zu liefern.
3300 1181 4696 1237 Dieſe Maßregel veranlaßte einige Kaufluſt für Integrale, welche deren Preis
3301 1226 4693 1278 von 61 ½ auf 61 11⁄16 pCt. brachte. Den Inhabern von 5 prozentiger Schuld
3302 1269 4695 1325 wird bei obigen Beſchlüſſen ein Termin bis zum 20ſten des nächſten Mo⸗
3303 1314 4697 1368 nats geſtellt, zur freiwilligen Erklärung, ob ſie 4 prozentige neue Schuld ge⸗
3305 1358 4696 1412 gen eine Vergütung von 4 ½ pCt. annehmen wollen, und wird ferner be⸗
3306 1396 4697 1453 ſtimmt, daß die hierbei nicht konkurrirenden Obligationen der 5 prozentigen
3308 1446 4699 1499 oſtindiſchen Schuld zur Ablöſung gegen 1. September nächſtens ange⸗
3309 1488 4699 1537 meldet werden können, nach welchem Termin deren Verzinſung aufhört.
3309 1532 4700 1584 Dieſe Beſtimmungen machten einen ungünſtigen Eindruck auf die neue
3310 1574 4699 1630 4 prozentige Schuld, die danach ſtark ausgeboten wurde und von 96 ⅛ auf
3311 1621 4700 1673 95 ½ pCt. herunterging. Geſtern war die Stimmung allgemein etwas an⸗
3312 1662 4700 1718 genehmer, beſonders meldeten ſich Käufer für neue 3 prozentige Schuld, wo⸗
3312 1701 4697 1756 durch dieſelbe von 74 ¼ auf 74 7⁄16 pCt. emporkam. 4 ½ prozentige Syndikat⸗
3311 1744 4699 1801 Obligationen ſind im Laufe der Woche von 99 ⅛ auf 99 ⅜ pCt. geſtiegen.
3309 1785 4702 1840 5 prozentige wirkliche und oſtindiſche Schuld erhielt ſich feſt auf 100 1⁄16 pCt.
3310 1833 4696 1881 Einige Actien der Handels⸗Maatſchappy ſind zu 144 ¾ à 145 pCt. umgeſetzt.
3309 1868 4701 1921 Das Geſchäft in Eiſenbahn⸗Actien ging träge; für Haarlem⸗Rotterdamer
3309 1914 4700 1966 iſt zuletzt 100 ½, für Arnheimſche 104 ⅜ pCt. bedungen. Spaniſche Ardoin⸗
3308 1958 4699 2011 Obligationen fielen von 21 bis 20 ⅝ pCt. Für deren Coupons entſtand
3309 2000 4700 2055 geſtern lebhafte Frage, wodurch dieſelben 24 ½ à 25 ½ pCt. erreichten; in den
3309 2045 4698 2098 übrigen fremden Staatspapieren fiel keine erhebliche Veränderung vor; auch
3309 2093 3954 2136 am Geldmarkte iſt nichts verändert.
3397 2130 4701 2182 Der Handel am Getraidemarkte war dieſe Woche äußerſt ſtille; polni⸗
3311 2174 4703 2229 ſcher Weizen wurde niedriger abgelaſſen, und zwar 129pfd. jähriger bunter
3311 2216 4702 2270 zu 280 Fl.; 130pfd. alter rother königsberger zu 285 Fl. In preußiſchem
3311 2259 4705 2317 Roggen, in Gerſte und Hafer wurde gar nichts gemacht. Der Getraidezoll
3311 2312 4107 2361 iſt für den nächſten Monat nicht verändert.
1688 2554 3435 2679 Allgemeiner Anzeiger.
574 2722 1256 2806 Bekanntmachungen.
416 2816 532 2864 [756]
657 2821 1165 2862 Avertiſſement.
469 2860 1414 2905 Ueber den Nachlaß des am 28. Auguſt v. J. zu
427 2904 1413 2951 Forſt verſtorbenen Steuer⸗Einnehmers Auguſt Friedrich
429 2949 1414 2995 Uhlich iſt auf den Antrag der Uhlichſchen Vormund⸗
430 2992 1415 3036 ſchaft der erbſchaftliche Liquidationsprozeß eröffnet, und
435 3034 1417 3081 ein Termin zur Anmeldung und Nachweiſung der An⸗
434 3078 1420 3125 ſprüche der Gläubiger auf den 9. September c.,
436 3121 1422 3166 Vorm. 11 Uhr, vor dem Referendarius Kowalzki als
437 3167 941 3209 Deputirten angeſetzt worden.
485 3204 1427 3248 Es werden daher alle unbekannten Gläubiger hier⸗
443 3247 1433 3294 durch vorgeladen, ihre Forderungen ſpäteſtens in dem
445 3287 1437 3338 obigen Termine, auf dem Königl. Ober⸗Landesgericht
447 3329 1440 3378 hierſelbſt, entweder in Perſon oder durch einen mit
446 3371 1442 3418 Vollmacht und Information verſehenen hieſigen Juſtiz⸗
446 3414 1443 3462 Kommiſſarius, zu welchem Behufe ihnen die Juſtiz⸗
446 3457 1442 3505 Kommiſſarien, Juſtizräthe v. Beyer, Korn, Tirpitz in
445 3499 1439 3550 Vorſchlag gebracht werden, anzuzeigen und die Beweis⸗
445 3540 1437 3589 mittel beizubringen. Bei unterlaſſener Anmeldung ihrer
443 3582 1432 3632 Anſprüche im Termine aber haben ſie zu gewärtigen,
436 3623 1429 3675 daß ſie aller ihrer Vorrechte verluſtig erklärt und mit
435 3665 1427 3716 ihren Forderungen nur an dasjenige, was nach Be⸗
433 3707 1426 3769 friedigung der ſich meldenden Gläubiger von der Maſſe
432 3753 1241 3803 noch übrig bleiben möchte, verwieſen werden.
477 3795 1204 3847 Frankfurt a. d. O., den 21. Mai 1844.
600 3838 1247 3889 Königl. preuß. Ober⸗Landesgericht.
437 4003 529 4045 [586]
618 3993 1240 4034 Ediktal⸗Citation.
477 4034 1426 4084 Der am 1. Dezember 1828 verſtorbene Schiffer Jo⸗
435 4072 1428 4129 hann Friedrich Erfurth hat in ſeinem Teſtament zwei
433 4123 1426 4173 Töchter, Vornamens Dorothee Sophie und Eleonore,
432 4161 1425 4218 zu ſeinen Erben ernannt. Alle bisherigen Nachforſchun⸗
432 4203 1427 4260 gen über den Aufenthalt dieſer Kinder ſind indeſſen
431 4251 1430 4304 fruchtlos geweſen, und nur mit Wahrſcheinlichkeit iſt
430 4295 1429 4346 danach anzunehmen, daß ſie von dem Erfurth außer
433 4341 1429 4389 der Ehe mit einer unverehelichten Saffronska erzeugt
432 4382 1379 4430 worden und ſich in Ploczk aufgehalten haben ſollen.
472 4426 1429 4475 Auf den Antrag eines Schweſterkindes des gedachten
433 4469 1430 4520 Schiffers Erfurth, des Schifferſohnes Auguſt Müller,
432 4513 1431 4564 welcher nächſt den Verſchollenen zur Erbſchaft des Er⸗
431 4555 1428 4608 furth, welche ungefähr 400 Thlr. beträgt, berufen ſein
431 4600 1427 4648 würde, werden daher die oben genannten Töchter Do⸗
432 4643 1431 4693 rothee Sophie und Eleonore des Schiffers Johann
433 4686 1432 4736 Friedrich Erfurth, oder deren nächſte Erben, hiermit
434 4731 1299 4781 aufgefordert, ſich bei uns ſpäteſtens in dem auf
435 4773 1431 4821 den 28. Februar 1845, Vormittags 10 Uhr,
435 4817 1433 4862 anberaumten Termine perſönlich oder ſchriftlich zu legi⸗
436 4861 1431 4908 timiren, widrigenfalls beide Kinder für todt erklärt und
436 4905 1431 4954 der Auguſt Müller als alleiniger nächſter Erbe des ge⸗
438 4948 1158 4995 dachten Nachlaſſes erachtet werden wird.
480 4991 1113 5040 Fürſtenwalde, den 30. März 1844.
569 5034 1287 5084 Königl. preuß. Land⸗ und Stadtgericht.
448 5195 530 5235 [951]
608 5186 1236 5240 Ediktal⸗Citation.
472 5233 1437 5276 Nachdem die Ehefrau des aus Rawicz im Großher⸗
449 5277 1438 5323 zogthum Poſen gebürtigen und hier wohnhaft geweſenen
448 5318 1436 5365 Schneidermeiſters Carl Joſeph Juritz, Florentine Louiſe,
452 5364 1438 5410 geb. Hetzſchold, gegen denſelben eine Klage auf Tren⸗
453 5405 1438 5452 nung der Ehe wegen böslicher Verlaſſung bei uns an⸗
452 5449 1439 5496 gebracht hat, und ein Termin zur Inſtruction der
452 5488 632 5534 Sache auf
458 5534 1438 5582 den 9. November 1844, Vormittags 11 Uhr,
462 5576 1440 5628 an hieſiger Gerichtsſtelle vor Herrn Land⸗ und Stadt⸗
463 5618 1441 5667 gerichtsrath Immiſch anberaumt worden, ſo laden wir
464 5662 731 5698 den entwichenen
628 5705 1265 5754 Schneidermeiſter Carl Joſeph Juritz
469 5743 1442 5800 dazu hiermit unter der Verwarnung vor, daß er bei ſei⸗
472 5786 1443 5842 nem Ausbleiben des von der Klägerin angegebenen Ehe⸗
475 5823 1444 5884 ſcheidungs⸗Grundes für geſtändig erachtet und demge⸗
475 5865 1444 5926 mäß in contumaciam gegen ihn auf Trennung der
485 5903 1445 5968 Ehe nicht nur erkannt, ſondern auch derſelbe für den
486 5944 1445 6011 allein ſchuldigen Theil erklärt, in die geſetzliche Ehe⸗
486 5985 1445 6047 ſcheidungsſtrafe und in die Koſten des Prozeſſes verur⸗
487 6027 806 6072 theilt werden wird.
531 6069 1087 6126 Weißenfels, den 13. Juli 1844.
696 6115 1248 6182 Königl. Land⸗ und Stadtgericht.
1496 2711 1599 2765 [905]
1606 2716 2444 2801 Erzgebirgiſche Eiſenbahn.
2120 2797 2510 2840 Die Hohe Staats⸗Re⸗
2076 2844 2511 2888 gierung hat dem unter⸗
2077 2879 2513 2932 zeichneten Direktorium die
2078 2928 2513 2975 Bedingungen zugefertigt,
2077 2971 2514 3014 unter welchen ſie, mit
2077 3015 2513 3059 Vorbehalt der noch ein⸗
2076 3059 2514 3105 zuholenden Allerhöchſten
2078 3103 2514 3149 Genehmigung, geſonnen
2077 3146 2515 3189 iſt, unſerer Geſellſchaft
2081 3191 2516 3233 Konzeſſion zur Erbauung
1517 3233 2519 3277 einer Eiſenbahn von Chemnitz nach Rieſa zu ertheilen.
1520 3273 2522 3320 Zuvor hat das Direktorium, welches im Einverſtändniſſe
1522 3314 2524 3358 mit dem Geſellſchafts⸗Ausſchuſſe jene Bedingungen dank⸗
1526 3352 2525 3402 bar annahm, dieſelben dem Actien⸗Vereine zu gleichem
1527 3393 2530 3446 Behufe vorzulegen, und es werden zu dieſem Zwecke die
1528 3436 2529 3489 Inhaber von Interimsſcheinen der Erzgebirgiſchen Ei⸗
1525 3477 2527 3531 ſenbahn⸗Geſellſchaft in Gemäßheit §. 12. des Geſell⸗
1523 3527 1956 3573 ſchafts⸗Statuts zu einer
1517 3556 2491 3614 außerordentlichen General-Verſammlung
1625 3601 2414 3652 auf Montag, den 26. Auguſt 1844,
1912 3647 2121 3691 früh 8 Uhr,
1508 3685 2519 3741 im großen Saale des Gaſthauſes zur Aue in Chemnitz
1507 3729 2519 3786 hierdurch eingeladen, indem wir in Betreff der Legitima⸗
1506 3770 2521 3828 tion zum Eintritte und der Stimmberechtigung auf §. 17.
1508 3817 2520 3868 und §. 11. der Statuten verweiſen. Die Verſamm⸗
1513 3871 1690 3915 lung wird
1534 3904 2520 3966 1) die Frage zu beantworten haben, ob unſere Geſell⸗
1599 3948 2522 4000 ſchaft die Konzeſſion zu Erbauung einer Eiſenbahn
1597 3993 2522 4042 von Chemnitz nach Rieſa unter den vorgelegten
1598 4036 2521 4088 Bedingungen anzunehmen und den Bau zu begin⸗
1599 4080 2523 4130 nen, auch demgemäß das dermalige Direktorium
1601 4123 2523 4173 mit Ausſchreibung einer Einzahlung von 10 Thlr.
1601 4166 2523 4217 pr. Actie zu beauſtragen beſchließt. Für den Fall
1600 4216 2089 4262 der Bejahung wird ſodann
1535 4254 2523 4307 2) das nach Anordnung der Hohen Staats⸗Regie⸗
1601 4298 2523 4351 rung neu entworfene Geſellſchafts⸗Statut zu bera⸗
1601 4342 2526 4393 then und unter Vorbehalt Hoher Genehmigung
1602 4390 1946 4436 feſtzuſtellen, ſo wie
1539 4428 2525 4480 3) die Wahl eines neuen Geſellſchafts⸗Ausſchuſſes
1603 4478 1926 4523 vorzunehmen ſein.
1562 4516 2527 4565 Da der urſprüngliche Plan unſerer Geſellſchaft auf die
1518 4559 2526 4610 Erbauung einer Eiſenbahn von Zwickau über Chemnitz
1516 4603 2523 4654 nach Rieſa gerichtet war, ſo hat die Hohe Staats⸗Re⸗
1516 4646 2526 4700 gierung angeordnet, daß denjenigen Inhabern Erzgebir⸗
1517 4691 2528 4743 giſcher Interimsſcheine, welche bei der Ausführung des
1518 4733 2527 4783 Traktes Chemnitz⸗Rieſa als ſelbſtſtändiger Bahn ſich
1517 4777 2527 4828 nicht betheiliaen wollen, die bis jetzt geleiſtete Einzah⸗
1517 4821 2530 4873 lung von 2 ½ Thlr. pr. Actie unter Einräumung einer
1517 4864 2528 4914 mindeſtens vier Wochen von Erlaß der Bekanntmachung
1519 4908 2529 4955 an umfaſſenden, jedoch noch vor der nächſten General⸗
1518 4951 2529 5000 Verſammlung zu Ende gehenden Friſt baar zurücker⸗
1520 4995 2526 5045 ſtattet werden ſoll. Es werden demnach diejenigen,
1522 5038 2529 5086 welche auf ſolche Weiſe aus der Geſellſchaft zu treten
1523 5084 2190 5130 wünſchen, aufgefordert, dies bis zum
1665 5124 2391 5174 21. Auguſt d. J., Abends 6 Uhr,
1523 5167 2529 5214 bei dem mitunterzeichneten vorſitzenden Direktor durch
1523 5210 2531 5261 Einreichung ihrer Interimsſcheine zu erklären, wogegen
1522 5254 2531 5305 Quittung über die Stückzahl ausgeſtellt und nach er⸗
1522 5296 2532 5351 folgtem öffentlichen Aufrufe an die Inhaber ſolcher
1521 5340 2532 5393 Quittungen der Betrag von 2 ½ Thlr. pr. Actie aus der
1521 5382 2531 5434 Kaſſe der Chemnitz⸗Riſaer Eiſenbahn⸗Geſellſchaft in Ge⸗
1523 5426 2532 5479 mäßheit der diesfallſigen Konzeſſions⸗Bedingung aus⸗
1523 5476 1879 5525 gezahlt werden ſoll.
1569 5513 2121 5562 Chemnitz, den 15. Juli 1844.
1585 5555 2479 5602 Das Direktorium der Erzgebirgiſchen Eiſenbahn⸗
1927 5599 2137 5639 Geſellſchaft.
1525 5638 2541 5693 Bernhard Eiſenſtuck, Vorſitzender. Adolph Wex.
1603 5686 2454 5730 Adolph Bürger. Richard von Stern.
1872 5728 2183 5770 C. M. Riedig.
1528 5811 1719 5844 No. 1210.
1855 5800 2216 5840 Editto.
2439 5798 2538 5843 [908]
1573 5847 2533 5897 Sopra domanda di Cipriano Dusi coll' Avv. Alessi
1528 5891 2535 5940 per dichiarazione di morte di Andrea Grigoli fu
1530 5936 2535 5978 Pietro, nativo di Verona, entrato come supplente
1531 5976 2534 6017 d'Antonio Marini nel 6. Reggimento di fanteria di
1524 6019 2534 6067 linea li 22. Agosto 1812 partito per l'armata di
1532 6063 2535 6108 Germania li 12. febbrajo 1813 caduto prigioniero
1533 6106 2536 6153 di guerra in Prussia li 18. Ottobre dell' anno stesso,
1533 6148 2535 6187 senza che di lui si abbiano avute ulteriori notizie,
1535 6191 2533 6240 viene deputato questo Avv. Tessari in curatore del
1537 6234 2543 6278 sudd. assente Andrea Grigoli, e lo si cita a compa-
1539 6278 2536 6315 rire nel termine di un anno coll' avvertenza che
2595 2695 3608 2745 non comparendo o non facendo in altra guisa co-
2596 2739 3598 2788 noscere a questo Tribunale la propria esistenza nel
2595 2783 3605 2831 termine sudd. si procedera in confronto del cura-
2597 2829 3475 2872 tore nominatogli alla dichiarazione di morte.
2977 2872 3220 2905 Il Presidente
3153 2917 3296 2947 Alber.
2938 2959 3341 2997 de Inama, consigl.
2952 3001 3389 3045 Bn. Degli Oreſici.
3005 3045 3562 3090 Dall' Imp. Reg. Trib. Prov.
2642 3091 3115 3132 Verona, 20. Genn. 1844.
2598 3141 2779 3175 Nr. 1210.
2961 3134 3244 3170 Edikt.
2643 3176 3603 3219 Ueber das von Cipriano Duſi unter Vertretung des
2599 3216 3605 3266 Advokaten Aleſſi geſtellte Anbringen wegen Todes⸗Erklä⸗
2603 3259 3607 3308 rung des Andrea Grigoli, Sohn des Pietro Grigoli,
2606 3300 3610 3348 gebürtig aus Verona, welcher den 22. Auguſt 1812
2610 3338 3609 3385 als Erſatzmann des Antonio Marini in das ſechſte Li⸗
2612 3380 3612 3429 nien⸗Infanterie⸗Regiment eingetreten, den 12. Februar
2614 3423 3606 3470 1813 zur deutſchen Armee abgegangen und den 18. Ok⸗
2609 3465 3610 3510 tober deſſelben Jahres in Preußen in Kriegs⸗Gefan⸗
2602 3506 3609 3554 genſchaft gerathen iſt, ohne daß über denſelben weitere
2604 3549 3607 3593 Nachricht zu erlangen war, wird der hierortige Advo⸗
2603 3592 3606 3634 kat Teſſari dem abweſenden Andrea Grigoli zum Kura⸗
2603 3633 3604 3679 tor beſtellt und derſelbe aufgefordert, binnen Jahres⸗
2603 3678 3606 3723 friſt zu erſcheinen, mit dem Beifügen, daß, falls er
2603 3721 3605 3766 binnen der geſtellten Friſt weder erſcheinen noch in an⸗
2603 3765 3605 3808 derer Weiſe von ſeiner Exiſtenz dieſem Tribunal Kennt⸗
2603 3808 3607 3853 niß geben würde, ohne Weiteres gegen den ihm beſtell⸗
2605 3852 3606 3898 ten Kurator zu ſeiner Todes⸗Erklärung geſchritten wer⸗
2605 3899 2801 3934 den würde.
2975 3939 3228 3983 Der Präſident
3159 3983 3297 4018 Alber.
2953 4022 3228 4067 De Inama,
2761 4066 3222 4116 Baron degli Orefici,
3271 4039 3395 4088 Räthe.
2932 4109 3566 4156 Vom K. K. Provinzial⸗Tribunale.
2651 4158 3215 4192 Verona, den 26. Jänner 1844.
2732 4231 3485 4313 Literariſche Anzeigen.
2610 4324 2702 4367 [950]
2647 4329 3600 4409 Im Verlage von Ed. Bote & G.
2610 4419 3602 4495 Bock, Jägerstr. No. 42, sind erschienen sämmt-
2611 4510 2984 4554 liche 34 Opera von
2829 4547 3385 4635 Josef Gungl.
2656 4640 3612 4682 Die in den Zeitungen von der Schlesinger-
2612 4684 3602 4728 schen Handlung gemachte Anzeige, in welcher die
2613 4725 3601 4798 ersten 3 Tänze von Johann Gung'l
2611 4817 3358 4860 mit der Bemerkung annoncirt werden:
2699 4861 3604 4903 „Alle drei gehören zu Gung'l's (welcher?) be-
2702 4907 3221 4950 liebtesten Compositionen“;
2613 4946 3605 4989 ferner das Titelblatt dieser Compositionen unter dem
2615 4999 2760 5029 Namen:
2950 5037 3288 5102 J. Gung'l;
2614 5121 3607 5162 ferner die darunter mit dem Stern bezeichnete Be-
2613 5171 2796 5210 merkung:
2702 5204 3613 5260 Verleger von Gung'l's (welcher?) Kriegers-
2701 5252 3608 5296 lust, Oberländler, Sirenen-Galop und Polka
2701 5288 3328 5345 (von Damke) f. Pfte. — ? — !
2615 5338 3620 5386 sind geeignet, Verwechselungen zwischen Jo-
2615 5381 3610 5425 sef und Johann Gung'l herbeizuführen, welchen
2611 5426 3557 5473 vorzubeugen diese Erläuterung gegeben wird.
2609 5497 2752 5536 [791 b]
2665 5538 3560 5616 Verkauf eines Rittergutes.
2660 5620 3614 5669 Ein in Weſtpr. unweit der neum. Gränze, 32 Mei⸗
2616 5664 3618 5713 len von Berlin, nahe einer Chauſſee belegenes Ritter⸗
2616 5706 3619 5759 gut, 12,283 Morg. groß, beabſichtigt der Beſitzer aus
2616 5751 3620 5802 Familienrückſichten für den feſten Preis von 152 M. Thlr.
2616 5794 3620 5842 unter den annehmbarſten Zahlungs⸗Modalitäten zu ver⸗
2616 5835 3622 5887 kaufen. — Die zu dieſem ſchönen Rittergute gehörenden
2616 5876 3621 5929 5 Vorwerke haben 5500 M. Acker, zur Hälfte Weizen⸗
2617 5916 3621 5974 boden, 360 Morg. größtentheils Rieſelwieſen, 703 Bruch
2617 5960 3623 6019 und Hütung, 860 M. Seen und 4642 M. an flößba⸗
2617 6004 3622 6062 rem Waſſer gut beſtandenen Forſt. — Ferner beſitzt das
2618 6046 3622 6105 Gut, ſehr gut rentirend, eine Mahl⸗, Oel⸗, Knochen⸗
2617 6089 3618 6147 und Schneidemühle, Kalkbrennerei, Ziegelei, Theerſchwe⸗
2617 6134 3619 6190 lerei, Fiſcherei und bedeutende Brennerei mit Dampf⸗
2616 6178 3616 6232 Apparat. — Das lebende Inventar iſt komplett und
2617 6220 3616 6275 beſteht das Rindvieh in veredelter Race, die Schäferei
2616 6264 3615 6320 zum 3ten Theil aus hochſeinen Elektoral⸗Schafen. Die⸗
3688 2678 4707 2733 ſes Gut, bei dem in Bezug auf Kultur ſchon ſehr viel
3687 2722 4706 2778 gethan worden iſt, hat ein maſſives, ſehr gut eingerich⸗
3687 2765 4708 2820 tetes herrſchaftliches Wohnhaus und Garten. — Selbſt⸗
3688 2808 4708 2861 käufer erhalten auf portofr. Anfragen nähere Auskunft
3688 2856 4708 2905 vom Gaſthof⸗Beſitzer, Güter⸗Agenten Neumann zu
3689 2905 4250 2949 Deutſch⸗Crone in Weſtpreußen.
3691 3024 3821 3066 [790 b]
3881 3022 4506 3105 Landguts⸗Verkauf.
3733 3100 4703 3149 Ein unweit der Berlin⸗Anhaltiſchen Eiſenbahn recht
3689 3143 4717 3199 hübſch gelegenes Landgut mit guten Wohn⸗ und Wirth⸗
3691 3189 4709 3241 ſchafts⸗Gebäuden, 145 Morgen Feld (guter Roggen⸗,
3692 3231 4711 3277 Gerſten⸗ und Kleeboden), 15 Morgen Wieſen, hübſchem
3693 3268 4710 3318 Garten, einer Torfgräberei, welche vortheilhaft betrie⸗
3696 3312 4714 3360 ben wird, 70 Thlr. jährlicher Zins⸗Einnahme und eini⸗
3696 3357 4708 3405 gem Inventarium, ſoll für den billigen Preis von
3696 3398 4707 3445 4200 Thlr., wovon 2000 Thlr. gegen 4 % Verzinſung
3696 3442 4707 3488 hypothekariſch ſtehen bleiben können, ſchleunigſt verkauft
3694 3483 4704 3527 werden. Das Grundſtück würde, vermöge ſeiner vor⸗
3693 3526 4707 3575 theilhaften Lage, auch für einen Bäcker, Fleiſcher, Land⸗
3692 3571 4510 3617 kramer u. ſ. w. ganz vorzüglich paſſend ſein.
3735 3615 4706 3655 Alles Weitere durch den Oekonomen Fr. Herr⸗
3692 3657 4660 3705 mann, große Ulrichsſtr. Nr. 17. in Halle a. d. S.
3693 3775 3817 3817 [787 b]
3866 3766 4547 3854 Lebens⸗Erfahrung!
3734 3862 4705 3905 In der wunderbaren Rettung unſeres edlen Königs⸗
3692 3900 4705 3952 paares finden wir auch hier das große Geſetz der Gottheit
3692 3948 4704 3993 von Anfang der Welt bis in alle Ewigkeit: „Daß jedes
3692 3992 4703 4033 Gute, Edle, Vortreffliche ſich Gottes Beiſtand und
3693 4034 4705 4079 Schutz erfreut bei tauſendfachen Gefahren unſeres Lebens“.
3685 4079 4703 4121 — „Bei allem Böſen folgt auch die Strafe unmittelbar
3692 4121 4658 4166 auf dem Fuße“. S. Penther, Muſiker in Berlin.
3689 4218 3818 4261 [792 b]
3734 4266 4701 4347 Von E. Auſtrich aus Paris
3691 4357 4705 4437 erhielt ich wieder eine neue
3690 4448 4703 4530 Sendung von den ausgezeich⸗
3688 4534 4703 4622 netſten Schmuckſachen, Bro⸗
3688 4625 4705 4713 ſches, Ohrringe, Nadeln in
3691 4707 4705 4780 Imitation de Diamants,
3692 4802 4699 4886 das neueſte und ſchönſte, was
3691 4888 4496 4981 je darin geleiſtet wurde.
3841 4977 4613 5066 J. P. Goldſchmidt,
3747 5065 4702 5154 Alexanderſtr. 47 (am Platz),
3892 5158 4569 5243 auch iſt der Eingang
3843 5237 4614 5328 Neue Königsſtraße 39.
3700 5507 3825 5551 [793 b]
3700 5411 4706 5502 Für die Herren Daguer⸗
3978 5504 4411 5582 reotypiſten.
3792 5594 4705 5673 So eben empfing ich aus
3703 5682 4708 5772 Paris Daguerreotyp⸗Platten
3705 5758 4709 5852 in den Sorten ¼, ⅕, ⅙ zu
3708 5858 4707 5946 den billigſt bekannten Preiſen.
3855 5947 4618 6034 J. P. Goldſchmidt,
3762 6031 4708 6118 Alexanderſtr. 47 (am Platz),
3896 6122 4576 6209 auch iſt der Eingang
3850 6206 4621 6297 Neue Königsſtraße 39.
6758 422 7696 533 Allgemeine
5944 558 8554 948 Preußiſche Zeitung.
5165 515 5727 558 Das Abonnement beträgt:
5233 570 5646 614 2 Rthlr. für ¼ Jahr.
5233 610 5644 662 4 Rthlr. ~ ½ Jahr.
5235 656 5647 699 8 Rthlr. ~ 1 Jahr.
5123 707 5771 753 in allen Theilen der Monarchie
5246 754 5649 800 ohne Preiserhöhung.
5122 803 5773 848 Inſertions~Gebühr für den
5122 845 5770 889 Raum einer Zeile des Allg.
5276 892 5621 937 Anzeigers 2 Sgr.
8709 515 9374 573 Alle Poſt-Anſtalten des In- und
8706 559 9373 608 Auslandes nehmen Beſtellung
8709 601 9374 651 auf dieſes Blatt an, für Berlin
8707 645 9371 700 die Expedition der Allg. Preuſs.
8949 697 9115 738 Zeitung:
8729 732 9347 784 Friedrichsſtraſse Nr. 72.
5113 1071 5529 1170 No 214.
6458 1028 8014 1117 Berlin, Sonnabend den 3ten Auguſt
9125 996 9369 1071 1844.
5639 1269 5982 1323 Inhalt.
5125 1335 5519 1379 Amtlicher Theil.
5127 1358 6499 1429 Inland. Briefe aus Weißenfels, Küſtrin und Aken. (Das
5174 1401 6501 1460 Attentat vom 26. Juli.) — Berlin. Die Aufhebung der Staats⸗
5173 1441 6516 1512 Buchhalterei. — Allerhöchſte Kabinets⸗Ordre. — Allgemeine Verfügung. —
5175 1483 6517 1550 Provinz Poſen. Aus Poſen (Adreſſe an des Königs Majeſtät). —
5175 1526 6506 1588 Rhein⸗Provinz. Aus Aachen (Dank⸗Gottesdienſt). — Se. Königl.
5176 1569 6506 1628 Hoheit der Prinz von Preußen. — Zuſammenkunft dreier Prälaten zu
5176 1610 6513 1671 Koblenz. — Provinz Schleſien. Errichtung einer Flachsbauſchule. —
5177 1653 6519 1709 Landarmenverband für den Kreis Görlitz. — Feuersbrunſt zu Huſſinetz. —
5180 1698 6509 1754 Schreiben aus Brückenberg. (Einweihung der neu errichteten norwe⸗
5179 1757 5449 1805 giſchen Kirche.)
5132 1782 6509 1844 Deutſche Bundesſtaaten. Grh. Baden. Kammer⸗Verhandlun⸗
5180 1824 6508 1887 gen. — Schreiben aus Weimar. (Die Erbgroßherzogin von einem
5180 1884 5543 1932 Prinzen entbunden.)
5135 1904 6509 1978 Oeſterreichiſche Monarchie. Von der böhmiſchen Gränze.
5184 1952 6509 2010 Die Unruhen in Leippa beſtätigen ſich nicht. — Mißhandlung eines
5183 1995 6507 2056 öſterreichiſchen Hauptmannes. — Das Geſuch der böhmiſchen Fabrik⸗
5183 2035 6510 2099 Arbeiter abgewieſen. — Briefe aus Karlsbad. (Das Attentat vom
5186 2084 6511 2146 26. Juli.) — und Prag. (Die neue Fabrikhaus⸗Ordnung; fortdauernde
5187 2135 5898 2184 Gährung unter den Fabrik⸗Arbeitern.)
5138 2169 6425 2230 Rußland und Polen. St. Petersburg. Ordens⸗Verleihung.
5139 2210 6521 2275 Frankreich. Paris. Hof⸗Nachrichten. — Annahme ſämmtlicher Eiſen⸗
5187 2254 6512 2315 bahngeſetze. — Schwierigkeit eines Marſches gegen Fez. — Brief aus
5190 2296 6512 2357 Paris. (Julifeier; Kabylen⸗Bewegung in der Provinz Konſtantine;
5188 2352 5735 2399 Guizot's Gedächtniß⸗Medaille.
5144 2382 6514 2443 Großbritanien und Irland. Oberhaus. Lord Aberdeen über
5189 2422 6523 2486 den gegenwärtigen Zuſtand des Sklavenhandels. — London. Ver⸗
5192 2486 5339 2526 miſchtes.
5144 2508 6520 2571 Belgien. Brüſſel. Verordnung in Bezug auf die preußiſchen Schiffe. —
5193 2570 5404 2619 Vermiſchtes.
5148 2598 6516 2659 Dänemark. Kopenhagen. Medaille zur Erinnerung an Thor⸗
5196 2660 5338 2691 waldſen.
5148 2680 6517 2740 Schweiz. Kanton Schaffhauſen. Ankunft des Dr. Hurter. — Kan⸗
5197 2728 6518 2779 ton Wallis. Ausweiſung von Proteſtanten. — Kanton Grau⸗
5196 2772 6409 2828 bündten. Felſenſturz am Calanda und die Bewohner Felsbergs.
5150 2813 6520 2871 Italien. Schreiben aus Palermo. (Schwefelhandel mit Preußen;
5198 2862 6051 2908 Abreiſe des Königs; Ankunft der „Amazone“.)
5141 2898 6529 2957 Handels⸗ und Börſen⸗Nachrichten. Berlin. Börſen⸗ und Markt⸗
5192 2955 5314 2992 bericht.
5151 3022 6532 3083 Königl. Schauſpielhaus. (Gaſtſpiel des Herrn Baiſon; Bolingbroke.) —
5202 3080 5776 3127 Galvanoplaſtik. — Vermiſchtes.
5486 3287 6216 3395 Amtlicher Theil.
5212 3423 6267 3486 Se. Majeſtät der König haben Allergnädigſt geruht:
5263 3461 6542 3526 Den ſeitherigen Regierungs⸗Abtheilungs⸗Dirigenten Ober⸗Regie⸗
5158 3508 6537 3577 rungs⸗Rath von Borries zu Minden zum Vice⸗Präſidenten der
5160 3562 6038 3624 Regierung zu Magdeburg zu ernennen; und
5262 3598 6537 3664 Die Beförderung des Dom⸗Kapitulars Großmann zu Frauen⸗
5162 3645 6541 3721 burg zum Weihbiſchofe der Diözeſe Ermland landesherrlich zu ge⸗
5164 3724 5350 3769 nehmigen.
5267 3771 6539 3840 Die bisherigen Advokaten Heinrich Joſeph Correns und
5166 3820 6540 3888 Bertram Schoelgen zu Köln ſind zugleich zu Anwälten bei dem
5166 3885 5823 3942 Königlichen Landgerichte daſelbſt;
5265 3917 6548 3989 Der Notar Franz Bernhard Wilhelm Schäfer zu Wald⸗
5165 3964 6548 4031 bröl vom 1. September d. J. ab zum Notar für den Friedensgerichts⸗
5167 4012 6543 4086 bezirk Goch, im Landgerichtsbezirke Cleve, mit Anweiſung ſeines
6573 1240 7941 1313 Wohnſitzes in Uedem, und der Notariats⸗Kandidat Ludwig Pfahl
6573 1292 7942 1361 zu Bonn zum Notar für den Friedensgerichtsbezirk Waldbröl, im
6573 1337 7944 1410 Landgerichtsbezirk Köln, mit Anweiſung ſeines Wohnſitzes in Waldbröl,
6577 1412 6882 1450 ernannt worden.
6934 1482 7587 1539 Königliche Bibliothek.
6679 1525 7946 1589 In der nächſten Woche vom 5ten bis 10ten k. Monats findet,
6583 1576 7946 1636 dem §. 24 des gedruckten Auszugs aus der Bibliothek⸗Ordnung ge⸗
6583 1621 7947 1685 mäß, die allgemeine Zurücklieferung aller aus der Königlichen Biblio⸗
6585 1670 7949 1731 thek entliehenen Bücher ſtatt. Es werden daher alle diejenigen, welche
6585 1717 7948 1780 Bücher der Königlichen Bibliothek in Händen haben, hierdurch auf⸗
6585 1767 7950 1834 gefordert, ſolche während dieſer Zeit in den Vormittagsſtunden,
6584 1814 7951 1877 zwiſchen 9 und 12 Uhr, gegen die darüber ausgeſtellten
6586 1861 7951 1925 Empfangſcheine zurückzuliefern. Die Zurücknahme der Bücher
6585 1910 7952 1975 erfolgt nach alphabetiſcher Ordnung der Namen der Entleiher, und
6584 1988 6668 2022 zwar
6839 2008 7633 2067 von A — H am Montag und Dienſtag,
6864 2059 7710 2108 „ I — R „ Mittwoch und Donnerſtag,
6776 2108 7671 2158 und „ S — Z „ Freitag und Sonnabend.
6682 2161 7226 2211 Berlin, den 29. Juli 1844.
6683 2261 7948 2324 Angekommen: Se. Excellenz der Ober⸗Burggraf des König⸗
6587 2316 7531 2371 reichs Preußen, von Brünneck, von Trebnitz.
6687 2352 7952 2414 Der General⸗Major und Inſpecteur der 1ſten Ingenieur⸗In⸗
6589 2416 7193 2471 ſpection, Breſe, von Küſtrin.
6800 2587 7741 2716 Nichtamtlicher Theil.
7092 2731 7435 2806 Inland.
6695 2816 7963 2877 * Weißenfels. Auf die Nachricht von dem fürchterlichen
6596 2863 7965 2925 Attentat, durch welches am 26. Juli das theure Leben unſeres Aller⸗
6597 2908 7967 2976 gnädigſten Königs bedroht worden war, hatte der Magiſtrat die Ab⸗
6600 2953 7972 3020 haltung eines außerordentlichen kirchlichen Gottesdienſtes am 30. Juli
6600 3004 7974 3066 früh um 11 Uhr veranſtaltet, zu dem ſich alle Behörden und das
6603 3048 7977 3113 Offizier⸗Corps im feierlichen Zuge begaben. In der mit Menſchen
6605 3093 7981 3159 gefüllten Stadtkirche zeigte ſich die allgemeinſte Theilnahme, ſo wie
6606 3140 7983 3199 bei dem auf dem Markte ausgebrachten Lebehoch Sr. Majeſtät des
6608 3185 7987 3251 Königs. Magiſtrat und Stadtverordnete verfehlten übrigens nicht,
6610 3232 7990 3298 durch eine an des Königs Majeſtät abgeſendete Adreſſe die Gefühle
6613 3279 7993 3343 einer treu geſinnten Einwohnerſchaft an den Stufen des Thrones
6613 3349 6866 3392 niederzulegen.
6712 3422 7994 3480 * Küſtrin, 31. Juli. Entſetzen hatte ſich aller Gemüther
6609 3468 7986 3526 bemächtigt, als am 27ſten früh die Nachricht von dem verruchten
6609 3514 7869 3566 Attentat auf das Leben Ihrer Königl. Majeſtäten hier einging.
6708 3560 7985 3615 Die Bekanntmachung des Königl. Staats⸗Miniſteriums vom
6608 3603 7984 3668 26ſten ward ſofort durch ein Extrablatt des hieſigen Wochenblatts
6610 3643 7991 3716 zur allgemeinen Kenntniß gebracht und durch den Magiſtrat ein Dank⸗
6612 3710 7188 3766 feſt in den Kirchen veranlaßt.
6709 3748 7983 3810 Um 8 Uhr verſammelte ſich die Garniſon, den Kommandanten,
6611 3794 7984 3855 Herrn General⸗Lieutenant Köhn von Jaski, an der Spitze, in der
6612 3843 7984 3908 Schloßkirche, wo ein feierliches Dankgebet, durch eine kraftvolle, pa⸗
6614 3892 7986 3956 triotiſche Rede des Hofpredigers Stoſch eingeleitet, gehalten wurde.
6614 3933 7987 4005 In der großen Pfarrkirche waren die ſtädtiſchen Behörden gegenwär⸗
6615 3984 7989 4055 tig, und hier, ſo wie in der Schloßkirche, hatten die Einwohner ſich
8014 1213 9375 1281 zahlreich eingefunden, um dem allmächtigen Gott wegen der glück⸗
8017 1272 9036 1331 lichen Rettung des theuren Königspaares zu danken.
8115 1308 9377 1378 Nachmittags nahm der Prediger Krauſe in der Pfarrkirche gleich⸗
8019 1363 9378 1427 falls Veranlaſſung, über den Text Pſalm 126, Vers 3: „Der Herr
8020 1407 9379 1474 hat Großes an uns gethan, deß ſind wir fröhlich“ eine ergreifende
8020 1475 8375 1524 Predigt zu halten.
8119 1502 9379 1568 So zeigte ſich auch hier die innigſte Theilnahme, der treue Sinn
8022 1547 9380 1617 und die ehrfurchtvollſte Anhänglichkeit an den allverehrten Monarchen,
8021 1602 9381 1667 welchen der Allmächtige ſo ſichtbar in ſeinen väterlichen Schutz ge⸗
8022 1656 8995 1713 nommen, den er Ihm auch ferner verleihen wolle.
8123 1742 9385 1807 * Aken, 28. Juli. Der heutige Tag war auch für unſere
8024 1792 9387 1858 Bürgerſchaft, ſo wie gewiß für jeden treuen Preußen, ein Tag der
8025 1839 9387 1907 aufrichtigſten Freude und des innigſten Dankes gegen den Allmächtigen,
8026 1885 9387 1955 deſſen Hand das Haupt unſeres allgeliebten Königs⸗Paares in
8026 1934 9388 2000 der Stunde der Gefahr bewahrte. Um dieſe Gefühle laut und öffent⸗
8024 1984 9390 2051 lich auszuſprechen, wurde nach dem Nachmittags⸗Gottesdienſte das
8025 2029 9391 2100 hieſige Bürger⸗Schützen⸗Bataillon verſammelt, demſelben die Mit⸗
8024 2079 9393 2147 theilung der verabſcheuungswürdigen That gemacht und durch den
8022 2127 9395 2188 Commandeur des Bataillons, Herrn G. Oelſchläger, nach einer kurzen
8023 2171 9394 2243 herzlichen Rede Ihren Majeſtäten dem Könige und der Königin
8025 2220 9395 2290 ein Lebehoch gebracht, in welches außer den Schützen auch die zahl⸗
8026 2264 9401 2340 reich verſammelte Einwohnerſchaft aller Stände und jeden Alters auf
8027 2315 9396 2387 das begeiſtertſte einſtimmte. Der Tag wurde zu einem wahren Volks⸗
8029 2366 9398 2435 feſte, bei dem Eintracht und Fröhlichkeit mit Bürgerſinn und Vater⸗
8030 2429 8594 2481 landsliebe gepaart herrſchten.
8132 2531 9404 2600 Berlin, 2. Aug. Die durch Nr. 27 der Geſetz⸗Samm⸗
8032 2582 9406 2653 lung publizirte Allerhöchſte Kabinets⸗Ordre, die Aufhebung der
8032 2644 8814 2697 Staats⸗Buchhalterei betreffend, lautet:
8132 2678 9408 2746 „Da es bei dem wohlgeordneten Zuſtande, in welchem das
8035 2721 9410 2794 Etats⸗, Kaſſen⸗ und Rechnungsweſen des Staats ſich jetzt befindet,
8036 2773 9412 2842 einer beſonderen Behörde für die durch die Ordre vom 29. Mai 1826
8037 2818 9414 2886 der Staats⸗Buchhalterei übertragenen Functionen nicht weiter bedarf,
8040 2868 9417 2938 ſo will Ich, nach dem Antrage des Staats⸗Miniſteriums vom 7ten
8042 2915 9418 2979 d. M., die Staats⸗Buchhalterei, vom 1. Auguſt d. J. an, hierdurch
8046 2964 9420 3029 aufheben und beſtimme, daß die Functionen derſelben auf das Finanz⸗
8047 3010 9422 3074 Miniſterium übergehen ſollen. Ich beauftrage das Staats⸗Mi⸗
8051 3058 9425 3122 niſterium, dieſe Beſtimmung durch die Geſetz⸗Sammlung zur öffent⸗
8054 3117 8595 3169 lichen Kenntniß zu bringen.
8160 3157 8881 3213 Charlottenburg, den 19. Juli 1844.
8830 3217 9335 3270 Friedrich Wilhelm.
8064 3275 8679 3323 An das Staats⸗Miniſterium.“
8167 3362 9439 3420 Der Herr Juſtiz⸗Miniſter Mühler hat die nachſtehende Aller⸗
8065 3411 9439 3470 höchſte Kabinets⸗Ordre vom 10. Juni d. J. ſämmtlichen aus Staats⸗
8061 3459 9437 3514 Fonds unterhaltenen Gerichts⸗Behörden durch das Juſtiz⸗Miniſte⸗
8059 3507 9337 3557 rial⸗Blatt vom 2. Auguſt zur Nachachtung bekannt gemacht:
8057 3580 9432 3630 Allerhöchſte Kabinets⸗Ordre, betreffend die Beſchäftigung
8055 3621 9431 3672 derjenigen Civil⸗Penſionaire, welche ihre Anſtellung im
8055 3663 9430 3712 Civildienſte durch frühere Militairdienſte erworben haben,
8534 3707 8945 3747 als Lohnſchreiber.
8144 3756 9430 3810 Ich genehmige auf den Bericht des Staats⸗Miniſteriums vom 24ſten
8056 3800 9428 3851 v. M., daß diejenigen Civil⸗Penſionaire, welche ihre Anſtellung im Civil⸗
8056 3842 9428 3896 dienſte durch frühere Militairdienſte erworben haben, als Lohnſchreiber gegen
8058 3886 9430 3939 Kopialien bei den Behörden beſchäftigt werden können; die Anſprüche der
8060 3928 9431 3984 verſorgungsberechtigten Unteroffiziere, Freiwilligen und Militair⸗Invaliden
8063 3971 9428 4027 auf etatsmäßige Kanzliſtenſtellen und auf die bei den Gerichts⸗Behörden durch
5480 4193 6231 4251 Königliches Schauſpielhaus.
5296 4255 6420 4322 Gaſtſpiel des Herrn Baiſon. — Bolingbroke.
5261 4313 6544 4377 Herr Baiſon gab uns am 29. Juli den Bolingbroke im „Glas
5174 4357 6545 4420 Waſſer“ von Scribe. Da der geehrte Gaſt uns durch ſeine erſteren
5173 4399 6546 4465 Gaſtdarſtellungen die Ueberzeugung aufgedrungen hatte, daß vorzugsweiſe
5173 4441 6545 4501 der Ausdruck des Gedankens und der Reflexion ihm zu Gebot ſtehe, ſo
5175 4484 6547 4551 gingen wir an dieſe Darſtellung mit einem beſonders günſtigen Vorurtheil
5175 4528 6547 4592 für denſelben. Es gereicht uns zur Freude, ſagen zu müſſen, daß Herr
5177 4571 6549 4633 Baiſon dieſes durch ſeine Leiſtung als Bolingbroke vollſtändig beſtätigte.
5178 4608 6549 4676 Er ſtellte die feinen Pointen der Rolle ſehr glücklich und wirkſam ans Licht
5177 4658 6549 4718 und brachte uns den geiſtreichen Verſtand, mit welchem Bolingbroke das
5180 4700 6550 4761 Gewebe der Intriguen über alle Verhältniſſe ſicher ausbreitet, ſehr gelun⸗
5178 4738 6551 4811 gen zur Anſchauung. Wir ſahen einen ſeiner Kraft gewiſſen, mit den Ver⸗
5180 4786 6552 4851 hältniſſen ſpielenden Staatsmann vor uns, der darum das Recht erworben
5180 4828 6553 4894 hat, zu triumphiren, weil ſein klarer, durchſchauender Verſtand ihn von ſelbſt
5181 4872 6552 4935 zum Leiter der Dinge beſtimmt. Beſonders gelangen unſerem talentvollen
5181 4914 6553 4973 Gaſte diejenigen Scenen und Nüancen, in denen Bolingbroke uns die Ge⸗
5180 4958 6553 5018 wißheit ſeiner Herrſchaft über die Verhältniſſe aufdringt. Hier trat Herrn
5183 5000 6553 5061 Baiſon's Stärke, den Verſtand und Witz überall zur Geltung zu brin⸗
5180 5044 6555 5107 gen, beſonders ſiegreich hervor, während der Ausdruck des Schwung⸗
5177 5086 6554 5145 haften, wozu dem Darſteller des Bolingbroke freilich nur in einer einzigen
5186 5129 6555 5187 Scene Gelegenheit geboten iſt, etwas zurücktrat. Herr Baiſon ſchien uns
5186 5171 6555 5233 in ſeiner Darſtellung mehr als ſeine Vorgänger, namentlich als Seydel⸗
5187 5213 6556 5273 mann, den Engländer feſthalten zu wollen, während der Dichter hier, wie
5187 5256 6556 5314 überall in ſeinen Werken, Franzoſen und franzöſiſche Verhältniſſe
5187 5300 6556 5361 geſchildert hat. Gegen ein ſolches Beſtreben iſt nichts einzuwenden, ſobald
5189 5342 6558 5399 es mit Konſequenz durchgeführt wird. Auf jeden Fall gab uns Herr Baiſon
5189 5385 6555 5442 ein vollſtändiges, in ſich abgeſchloſſenes Bild, fern von jeder Nachbildung.
5189 5427 6558 5483 Ueberhaupt betrachten wir dies als den eigenthümlichen Vorzug unſeres
5189 5469 6559 5524 wackeren Künſtlers, daß er uns durchaus die Anſchauung einer ſelbſtſtändi⸗
5190 5511 6560 5574 gen, aus ſeiner freien Einſicht geſchöpften Darſtellung giebt, welche auch in
5190 5555 6559 5613 denjenigen Punkten, wo wir nicht ganz mit ihm übereinſtimmen können,
5190 5597 6561 5653 dennoch intereſſant und feſſelnd iſt. Zugleich bemerken wir noch, daß die
5193 5640 6561 5698 Erſcheinung des Gaſtes in der Rolle des Bolingbroke dem Charakter ſehr
5194 5685 6561 5745 angemeſſen war: der Kopf bildete vortrefflich den geiſtreichen Staatsmann
5193 5726 6563 5783 ab, dem man es glaubte, daß er in das feine Netz unvermerkt ſelbſt dieje⸗
5193 5771 6564 5831 nigen zieht, welche ſich am ſicherſten wähnen, nie davon umſtrickt zu werden.
6389 5822 6473 5851 — u.
5632 5962 6132 6011 Galvanoplaſtik.
5285 6025 6569 6084 Wir haben Gelegenheit gehabt, in dieſen Tagen eine Sammlung gal⸗
5198 6071 6572 6130 vanoplaſtiſcher Kopieen von 3444 in das Gebiet der Glyptik gehörenden
5198 6113 6573 6176 Kunſtgegenſtände (Kameen, Taglios ꝛc.) zu bewundern. Dieſe Sammlung
6613 4160 7992 4223 iſt durch die Huld Sr. Königl. Majeſtät angekauft, für das Königl. Mu⸗
6615 4206 7994 4265 ſeum beſtimmt und von unſerem früheren Mitbürger und Landsmann, dem
6614 4246 7994 4310 Herrn Eduard Linden, Lehrer der Gymnaſtik der Kaiſerlichen Großfürſten
6615 4291 7996 4348 und der Militair⸗Erziehungs⸗Anſtalten zu St. Petersburg, zugleich geſchicktem
6616 4332 7996 4394 Mechanikus, angefertigt worden. Wir finden darin galvanoplaſtiſche Kopieen
6617 4375 7996 4445 geſchnittener Steine von den verſchiedenſten Größen, von 2 Linien bis zu 10 Zoll
6616 4417 7997 4478 Durchmeſſer und von den verſchiedenſten Abſtufungen in Bezug auf das Relief.
6618 4463 7996 4524 Es iſt nicht zu verkennen, daß auf dieſem der Galvanoplaſtik ganz eigen⸗
6619 4504 7995 4567 thümlichen Gebiete von Herrn Linden Bedeutendes geleiſtet worden iſt,
6619 4547 7996 4610 ſowohl in Ueberwindung der Schwierigkeiten, welche nicht ſelten die Klein⸗
6619 4590 7995 4653 heit der Gegenſtände und ihr Relief boten, als auch in der materiellen
6620 4635 7997 4695 Mühe, welche das Zuſammenbringen der Gegenſtände und ihre bedeutende
6620 4677 7996 4741 Zahl verurſachte. Herr Linden hat, wie er uns verſichert, drei Jahre an
6620 4719 7996 4782 dieſer Sammlung gearbeitet, befindet ſich dadurch aber auch jetzt im Beſitz
6621 4762 7998 4825 dieſer beträchtlichen Anzahl Gegenformen, welche die Anfertigung ähnlicher
6623 4805 7999 4871 Sammlungen in der Folge bedeutend erleichtert. Intereſſant iſt in dieſer
6624 4852 7999 4912 Sammlung die Kopie eines mit ägyptiſchen Hieroglyphen ganz und gar
6624 4891 8001 4951 überdeckten Nephrits, ferner der Abdruck eines mongoliſchen Gebetes (einer
6623 4935 8002 4998 Holzſchnittſcheibe), mehrere ſehr ſeltene Amulette aus dem aſiatiſchen Mu⸗
6624 4980 8002 5039 ſeum zu St. Petersburg und eine Abtheilung priapeiſcher Glyphen, von denen
6626 5019 8003 5080 leider der Katalog fehlt. Eine kleine Sammlung orientaliſcher und kufiſcher
6627 5062 8004 5126 Münzen, die uns Herr Linden zu gleicher Zeit gezeigt hat, läßt weder in Be⸗
6627 5106 8003 5172 zug auf die Treue der Kopieen, noch auf die Nachahmung des ganzen Ha⸗
6630 5153 8005 5209 bitus, welcher den antiken Münzen eigenthümlich iſt, irgend etwas zu
6628 5192 8005 5254 wünſchen übrig. Für die Numismatik iſt dieſe Art und Weiſe der Dar⸗
6627 5236 8005 5298 ſtellung, wie wir ſie hier geſehen haben, wirklich unſchätzbar, da ſie alle an⸗
6626 5278 8007 5339 deren Methoden der Vervielfältigung, die ſonſt gebräuchlich ſind, bei weitem
6627 5341 6786 5377 übertrifft.
6707 5352 8005 5425 Nach dieſer Mittheilung, welche wir allen Freunden der Kunſt wie der
6629 5409 8010 5467 Wiſſenſchaft ſchuldig zu ſein glaubten, können wir, ſowohl zur Bewahrheitung
6628 5451 8012 5509 dieſer unſerer Worte, als auch gewiß im Sinne der dieſes leſenden Kunſt⸗
6629 5494 8011 5552 freunde, nur noch den Wunſch ausſprechen, daß es dem für alle Kunſtbil⸗
6629 5540 8012 5595 dung ſo wohlwollend beeiferten Herrn General⸗Direktor von Olfers ge⸗
6631 5574 8013 5636 fallen möchte, die hier beſprochenen Sammlungen wenigſtens ihren weſent⸗
6631 5624 8013 5678 lichen Theilen nach der demnächſt hierſelbſt zu eröffnenden Induſtrie⸗Aus⸗
6633 5667 7929 5724 ſtellung während ihrer Dauer einzuverleiben. J. u. M.
7097 5819 7543 5868 Vermiſchtes.
6716 5883 8017 5937 Berlin, 1. Auguſt. Der. Kaiſerl Königl. öſterreichiſche Chorregenten
6638 5918 8018 5984 Kirchenmuſik⸗Verein hat den Königl. preußiſchen General⸗Muſik⸗Di⸗
6639 5968 8019 6020 rektor und Hof⸗Kapellmeiſter Herrn J. Meyerbeer, in Anerkennung der
6640 5999 8019 6066 ausgezeichneten Verdienſte, welche derſelbe ſich um die Beförderung und Er⸗
6640 6052 8019 6110 hebung der Tonkunſt, insbeſondere um das Emporbringen der Kammer⸗ und
6641 6090 8020 6156 Kirchenmuſik, durch Herausgabe der ſieben geiſtlichen Geſänge für vier Stim⸗
8064 4141 9428 4202 men a capella erworben, zu ihrem Ehren⸗Mitglied ernannt, und der Prä⸗
8065 4183 9429 4239 ſident des Vereins, Se. Durchlaucht der Fürſt Lobkowitz, dem berühmten
8066 4221 9429 4281 Meiſter das Ehrendiplom durch das Comité⸗Mitglied Dr. Auguſt Schmidt
8067 4281 8382 4323 überreichen laſſen.
8144 4312 9428 4359 — Der Kaiſerlich öſterreichiſche Kapellmeiſter Otto Nicolai (früher
8067 4355 9429 4413 Penſionair der berliner Akademie in Rom) iſt nach Königsberg abge⸗
8068 4399 9428 4453 reiſt, um ſeine zur Säkularfeier der Univerſität komponirte große geiſt⸗
8067 4441 9428 4495 liche Ouvertüre über den Choral „Eine feſte Burg iſt unſer Gott“ (ein
8068 4484 9431 4540 Gegenſtück zur geiſtlichen Ouvertüre von Julius Stern) dort aufzuführen;
8066 4524 9430 4581 vorher hatte er noch die Ehre, vor Ihren Majeſtäten dem König und der
8066 4570 9432 4626 Königin ſein achtſtimmiges Pater noster, ſo wie eine Motette von Paleſtrina,
8066 4609 9431 4667 durch den liturgiſchen Chor ſingen zu laſſen und die Beweiſe huldvollſter
8066 4656 9429 4708 Anerkenntniß zu empfangen. Im Winter ſollen ſeine Opern „Il templario“
8067 4700 9154 4758 und „Die Heimkehr des Verbannten“ hier dargeſtellt werden.
8154 4742 9430 4803 — Unſer Landsmann Dr. Th. Kullak, als Virtuoſe und Pianoforte⸗
8068 4785 9431 4840 Komponiſt hoch geachtet, hat mit dem Konzertmeiſter Riefſtahl eine Kunſt⸗
8070 4828 9432 4880 reiſe über Stettin nach Kopenhagen unternommen. Lehrern und Schülern
8071 4870 9432 4922 wird die Nachricht willkommen ſein, daß der vom Dr. Kullak herausgege⸗
8073 4914 9433 4969 bene Praktiſche Theil zur großen Pianoforte⸗Methode von
8073 4956 9433 5012 Moſcheles und Fétis, welchen er zum Zweck des Unterrichts Ihrer
8073 4998 9434 5056 Königl. Hoheiten der Prinzeſſinnen Anna und Luiſe von Preußen aus den
8074 5041 9434 5098 beſten Unterrichtswerken zuſammengeſtellt hat, jetzt mit dem zehnten Heft be⸗
8074 5085 9432 5147 ſchloſſen und im Druck erſchienen iſt; dieſer praktiſche Theil bildet einen
8075 5128 9434 5185 progreſſiv⸗methodiſch fortſchreitenden Kurſus des Klavier⸗Unterrichts, nach
8075 5171 9436 5227 deſſen genügendem Studium die Schüler zu den ſchwerſten Etüden von
8076 5213 9436 5272 Lißt, Chopin, Döhler, Henſelt, Mendelsſohn, Thalberg, wie ſie in den
8081 5257 9439 5312 Etudes de perfectionnement von Moſcheles und Fétis geſammelt worden
8078 5315 8355 5361 ſind, übergehen.
8161 5343 9439 5400 — In einem am 25. Juli von dem Bürger⸗Sing⸗Verein zu Bonn zum
8080 5386 9441 5443 Beſten der vom Unglück betroffenen Bewohner des Ahrthales gegebenen
8081 5429 9441 5485 Konzerte wirkte auch der Königl. Konzertmeiſter Hubert Ries, ein gebore⸗
8081 5472 9443 5526 ner Bonner, unter lebhaftem Beifall mit. Abends brachten ihm die dorti⸗
8082 5520 8680 5577 gen Muſikfreunde eine Serenade.
8166 5551 9454 5613 Dresden. Nach der Aufführung der mit großer Pracht in Scene
8084 5599 9454 5663 geſetzten Oper Oberon von C. M. von Weber wird im September
8085 5642 9458 5701 Bianca e Gualtiero, von Alexis Lvoff, deren deutſche Bearbeitung
8085 5689 9450 5746 Herr Grünbaum geliefert hat, und die Favoritin von Donizetti
8086 5733 9453 5787 einſtudirt; den Damen Schröder⸗Devrient und Gentiluomo, den Herren
8081 5776 9208 5832 Tichatſchek und Mitterwurzer ſind die Hauptpartieen zuertheilt.
8175 5819 9459 5869 Unſer Kapellmeiſter Reißiger hat ſein fünftes Violin⸗Quartett,
8088 5861 9463 5917 welches Lipinski für Reißiger's beſte Arbeit erklärt, vollendet; unſere Lie⸗
8088 5906 9460 5961 dertafel ſingt mit beſonderer Vorliebe die heiteren Männer⸗Quartette, die
8088 5948 9335 6005 R. für frohe Liedertäfler (Op. 176 u. 157) komponirt hat.
