9784 6408
2663 252 2804 320 678
594 352 1997 408 ren Platzbedarf beſchränkt blieb. In ſchwimmender Waare ging eine La⸗
595 395 2000 453 dung weiß 88 pf. poln. um zu 114 Rthlr.; für loco notiren wir: weiß 85
598 437 1994 494 bis 87 pf. poln. 111/116 Rthlr., bunt. 84/85 pf. poln. 110/112 Rthlr.,
599 481 1994 539 gelb. 84/85 pf. märk. 110/112 Rthlr.; gelb. 85 pf. märk. zu 111 Rthlr.
601 533 1560 583 und weißbunt. 85 pf. poln. zu 111 ½ Rthlr. gemacht.
697 559 2002 628 Roggen, disponible, war bis über die Mitte der Woche wenig ge⸗
605 609 1998 671 fragt und 1 a 2 Rthlr. unter vorwöchentlichen Schlußpreiſen käuflich. Seit⸗
604 650 1992 713 dem trat wieder mehr Begehr ein, und wir ſchloſſen heute: loco 105 a 109
606 686 1992 757 Rthlr., für 84 ⅝ pfd. 109 Rthlr. bez., ſchwimmd. im Kanal für 82 ⅝ a 83 pf.
608 735 1990 799 im Verbande 105 Rthlr. bezahlt; derſelbe erſtreckte ſich auch auf Termine,
608 778 1990 846 wofür die Steigerung wegen Mangel an Verkäufern bedeutender war. Der Werth
609 821 1993 887 pr. Frühjahrs⸗Lieferung müßte, bei der Nähe des Stichtages, bis zu dem für
608 866 1990 930 disponible Waare füglich ſteigen, da dieſe darin nicht nachgab, während die
611 906 1990 972 anderen Lieferzeiten der ſteigenden Tendenz, ohne anderen Grund dafür,
611 953 1990 1017 wohl nur folgten; pr. Frühjahr reine Abſtellung 104 a 105 Rthlr. bez., in
612 992 1991 1062 Regulirung 100 a 102 Rthlr., Mai/Juni 100 Rthlr. Br., 99 Rthlr. Gld.;
612 1040 1990 1108 Juni/Juli 95 Rthlr. bez. und Br., 94 Rthlr. Gld.; Juli/Auguſt
612 1106 898 1139 90 a 88 Rthlr.
696 1126 1989 1187 Gerſte ging ankommend gleich weiter oder zum Detail⸗Handel zu
612 1184 1014 1225 76 — 78 Rthlr. über.
707 1215 1987 1273 In gleichem Verhältniß ſtand Hafer, wofür bei 48 — 50 pfd. 48 — 51
613 1258 1988 1316 Rthlr. bezahlt worden, 48 — 52 pfd. ſchwimmend hatte zu 48 — 46 Rthlr.,
611 1304 1404 1361 pr. 46 — 50 pfd. Forderung keine Beachtung.
700 1347 1449 1394 Erbſen 110 — 116 Rthlr. nach Qualität.
696 1388 1985 1439 Für Kleeſaaten war zur Speculation einzelne Frage für die feine⸗
604 1432 1986 1482 ren Sorten, und man würde für extrafein weiß bis 11 Rthlr., für derglei⸗
603 1477 1987 1524 chen roth bis 10 Rthlr. angelegt haben, allein dazu fehlten Geber; gerin⸗
597 1520 1986 1575 gere Qualitäten blieben unbeachtet, da die Saiſon und mithin ihr eigent⸗
593 1568 1011 1612 licher Bedarf zu Ende.
684 1606 1987 1653 Oelſaaten wurden ſpärlich offerirt, es war aber auch kein merklicher
594 1649 1987 1701 Begehr danach, und Preiſe blieben nominell für Rapps ſchleſ. 80 Rthlr.
591 1695 1455 1745 zu bedingen, Rübſen zu 80 Rthlr. zu haben.
686 1737 1985 1781 Rüböl. Der Verkehr beſchränkte ſich auf einzelne Umſätze, heute loco
591 1776 1986 1832 bei Kleinem 10 5⁄12 Rthlr. bez. u. Br., 10 ⅓ Rthlr. G., Mai/Juni 10 ⅓ — ¼ Rthlr.;
593 1820 1984 1873 Juni/Juli 10 ½ — ⅓ Rthlr., Juli/Aug. 10 ¾ a 7⁄12 Rthlr., Aug./Sept. 11 a
591 1864 1984 1916 10 ⅚ Rthlr., Sept./Okt. 11 ¼ a 1⁄12 Rthlr., Okt./Nov. 11 ⅓ — ⅙ Rthlr.,
589 1910 1071 1963 Nov./Dez. 11 ½ — ¼ Rhlr.
685 1954 1985 2000 Leinöl loco 12 Rthlr. Br., 11 ¾ Rthlr. G., Lieferung 11 ¾ Rthlr. Br.,
592 2004 852 2048 11 ½ Rthlr. G.
686 2041 1983 2089 Spiritus fluktuirt täglich um mehrere Thaler im Werthe auf und
592 2086 1984 2132 ab und ſchloß heute loco wie Mai und Mai/Juni von 52 a 51 Rthlr.
592 2129 1981 2176 verkauft u. Br., Juni/Juli zu 53 a 52 Rthlr. begeben und hierzu noch
593 2174 717 2217 offerirt.
930 2259 1635 2310 Auswärtige Börsen.
686 2332 1982 2374 Amsterdam, 5. Mai. Niederl. wirkl. Sch. 57 15⁄16. 5 % Span. 19 ⅛.
598 2378 1980 2421 3 % do. 37 ¼. Pass. 5 ⅜. Ausg. - / -. Zinsl. —. Poln. —. Preuss. Pr. Sch. —.
603 2406 970 2467 4 % Russ. Hope 88 ¼.
695 2464 1661 2506 Antwerpen, 4. Mai. Zinsl. —. Neue Anl. 19 G.
694 2506 1976 2551 Frankfurt a. M., 6. Mai. 5 % Met. 107. 106 ⅞. Bank-Actien p. nlt.
608 2529 1977 2596 1899.97 Bayr. Bank-Actien 664 Br. Hope 87 G. Stiegl. 86 ¾ G. Int. 58 1⁄16. 57 15⁄16.
608 2594 1388 2637 Poln. 300 Fl. 96 ⅛. 95 ⅞. do. 500 Fl. 80 ¼ 80.
698 2636 1901 2679 Hamburg, 7. Mai. Bank-Actien 1590 Br. Engl. Russ. 106 ⅞. ⅝.
698 2670 1987 2727 London, 4. Mai. Cons. 3 % 86 ¾. ⅝. Belg. —. Neue Anl. 23 ¾. ¼.
614 2723 1973 2767 Passive 5 ⅜. ⅛. Ausg. Sch. 17. 16 ½. 2 ½ % Holl. 58. 57 ½. 4 % do. 88. 87.
2062 350 3444 394 Port. —. Engl. Russ. 110. 109. Bras. 84. 82. Chili —. Mex. 20 ¼. 19 ¾.
2062 392 2275 425 Peru 39. 37.
2151 431 3443 479 Paris, 5. Mai. 5 % Rente fin cour. 115. 75 3 % do. fin cour. 78.
2154 477 3443 527 Wien, 7. Mai. 5 % Met. 107 ¼. 4 % do. 97 ⅞. 3 % do. 69 ¾. Bank-
2061 517 3396 570 Actien 1591. Anl. de 1834 155 ¼. de 1839 119 ½. Nordb. 169 ¼. Gloggn. 124.
2464 630 3026 668 Bekanntmachung.
2135 669 3443 719 Die ſeit dem Jahre 1819 mit Allerhöchſter Beſtätigung hier beſtehende
2060 713 3441 764 Friedens⸗Geſellſchaft, ein Verein wohlthätiger Freunde der Wiſ⸗
2059 752 3440 808 ſenſchaft und Kunſt zur Unterſtützung unbemittelter, beſonders fähiger jun⸗
2055 799 3440 854 ger Studirender und Kunſtbefliſſener aus dem hieſigen Regierungs⸗Bezirke
2059 846 3440 892 und aus der Hauptſtadt Berlin, hat zu ihrem großen Bedauern im Laufe
2059 885 3438 938 des vorigen Jahres in dem Regierungs⸗ und Schulrathe von Türk ihren
2059 926 3114 979 Stifter und bisherigen Vorſteher durch den Tod verloren.
2144 973 3438 1022 Schmerzlich beklagt inſonderheit der unterzeichnete Vorſtand den Verluſt
2059 1018 3436 1067 eines Mannes, deſſen vielfach bethätigten menſchenfreundlichen Sinn eben
2059 1062 3435 1107 auch die Gründung der Friedens⸗Geſellſchaft und das lebhafte Intereſſe,
2058 1104 3435 1153 welches er ihren Zwecken fortwährend widmete, bekundet hat. — Ehre ſei⸗
2057 1149 2332 1184 nem Andenken!
2146 1187 3436 1243 Zum dermaligen Vorſteher der Geſellſchaft iſt in der am 29. Oktober
2057 1235 3436 1282 v. J. abgehaltenen General⸗Verſammlung, zu welcher alle ihre Mitglieder
2056 1280 3435 1329 durch Bekanntmachung in den öffentlichen Blättern eingeladen waren, der
2056 1323 3434 1373 Konſiſtorial⸗, Regierungs⸗ und Schulrath Striez hierſelbſt mit einſtweili⸗
2056 1366 3435 1413 ger Beibehaltung der bisher von ihm beſorgten Sekretariats⸗Geſchäfte des
2056 1403 2502 1454 Vereins gewählt worden.
2147 1454 3433 1501 In Gemäßheit unſerer durch die drei berliner Zeitungen veröffentlich⸗
2057 1498 3434 1542 ten Bekanntmachung vom 23. Dezember 1844 und der gedruckten Benach⸗
2056 1542 3434 1588 richtigung und Inſtruction für junge Studirende und Kunſtbefliſſene von
2052 1583 3435 1638 demſelben Tage, welche wir in einer Anzahl von Exemplaren ſämmtlichen
2055 1624 3432 1673 inländiſchen Univerſitäten und allen Gymnaſien des hieſigen Regierungs⸗
2056 1672 3433 1716 Bezirks und der Stadt Berlin überſandt haben, gewährt die Friedens⸗
2056 1715 3434 1760 Geſellſchaft ſeit dem Jahre 1845 nicht mehr, wie früher geſchehen iſt, einer
2055 1759 3433 1807 größeren Zahl dürftiger Bewerber Unterſtützungen von geringem Betrage,
2055 1803 3433 1848 ſondern verleiht jährlich vier Stipendien, jedes zu dem Betrage von
2053 1847 2555 1891 50 — 60 Rthlrn., und zwar:
2099 1890 3433 1935 A. 2 an Studirende, welche ſich ſchon auf der Univerſität befinden, ohne
2168 1934 3434 1981 beſondere Rückſicht auf die Fakultäts⸗Studien, denen ſie ſich widmen.
2097 1979 2663 2021 B. 1 an einen Kunſtbefliſſenen.
2098 2021 3432 2067 C. 1, deſſen etwaige Theilung vorbehalten iſt, an 1, 2 oder 3 die ober⸗
2165 2065 3208 2109 ſten Klaſſen eines Gymnaſiums frequentirende Scholaren,
2053 2107 3434 2154 unter den in den obgedachten Benachrichtigungen angegebenen Bedingun⸗
2051 2154 2446 2196 gen und Modalitäten.
2140 2195 3435 2240 Hiernach iſt auch bereits in den beiden letztverfloſſenen Jahren derge⸗
2052 2232 3426 2284 ſtalt verfahren worden, daß auf Grund eingeſandter Zeugniſſe und Probe⸗
2051 2282 3098 2327 Arbeiten und der hier mit ihnen angeſtellten Prüfungen:
2186 2328 2550 2371 a. im Jahre 1845:
2050 2367 3431 2415 die Stipendien ad A und B zweien Studirenden und einem Kunſtbefliſſenen
2050 2411 3431 2458 mit reſp. 50 und 60 Rthlrn. verliehen worden ſind und an dem Stipendium
2050 2454 3432 2501 von 60 Rthlrn. ad C 2 Gymnaſiaſten, jeder zur Hälfte, partizipirt haben.
2184 2503 2547 2552 b. im Jahre 1846:
2050 2542 3430 2589 über die Stipendien ad A und B, weil kein Kunſtbefliſſener ſich gemeldet
2046 2586 3428 2634 hatte, zu Gunſten dreier Studirender verfügt, und das Stipendium ad C
2045 2630 3160 2677 dreien Gymnaſiaſten zu gleichen Theilen verliehen worden iſt.
2134 2673 3428 2721 Wir bitten angelegentlich alle Freunde der Wiſſenſchaft und Kunſt,
2045 2716 3429 2765 dem wohlthätigen Zweck unſeres Vereins durch Hinzutreten zu dieſem mit
3516 350 4894 399 einem beliebigen jährlichen Beitrage oder durch Einſendung gütiger Ge⸗
3516 394 4894 441 ſchenke an den Schatzmeiſter der Friedens⸗Geſellſchaft, Herrn Regierungs⸗
3515 439 4893 484 Haupt⸗Kaſſen⸗Buchhalter, Hauptmann Püchler hierſelbſt, förderlich werden,
3514 481 4894 528 nicht minder aber auch geeignete, beſonders empfehlungswerthe junge Leute
3514 525 4870 572 zur Bewerbung um die Stipendien der Geſellſchaft veranlaſſen zu wollen.
3607 571 4135 614 Potsdam, den 3. Mai 1847.
3842 614 4566 657 Der Vorſtand der Friedens⸗Geſellſchaft.
3519 656 4894 701 Striez. Dr. Eylert. Stoepel. Dr. Rigler. Dr. Puhlmann.
3736 702 4674 746 Helmholtz. Bernhardi. Herter. Püchler.
3908 829 4491 884 Königliche Schauſpiele.
3610 885 4890 935 Montag, 10. Mai. Im Opernhauſe. 76ſte Schauſpielhaus⸗
3508 927 4889 984 Abonnements⸗Vorſtellung: Die Quitzows, vaterländiſches Drama in
3501 972 4408 1030 5 Abth., von L. Schneider. Anfang 6 Uhr.
3603 1027 4890 1083 Zu dieſer Vorſtellung werden Billets zu den nachſtehenden klei⸗
3507 1075 4265 1122 nen Opernhaus⸗Preiſen verkauft, als:
3609 1123 4896 1180 Ein Billet in den Logen des Proſceniums 1 Rthlr. 10 Sgr.;
3511 1173 4893 1222 ein Billet in den Logen des erſten Ranges, zum erſten Balkon und
3508 1221 4892 1272 zur Tribüne 1 Rthlr.; ein Billet im Parquet und im zweiten Range
3508 1259 4887 1325 20 Sgr.; ein Billet in den Logen und im Balkon des dritten Ran⸗
3507 1314 4885 1368 ges, ſo wie im Parterre, 15 Sgr.; ein Billet im Amphitheater
3507 1358 4565 1417 7 ½ Sgr.; ein Billet in der Fremden⸗Loge 2 Rthlr.
3609 1406 4890 1470 Dienſtag, 11. Mai. Im Opernhauſe. 58ſte Abonnements⸗Vor⸗
3507 1458 4890 1514 ſtellung: Don Juan. (Dlle. Evers: Donna Anna, als letzte Gaſt⸗
3507 1513 4078 1562 rolle.) Anfang halb 7 Uhr.
3605 1555 4887 1608 Zu dieſer Vorſtellung werden Billets zu folgenden mittleren
3504 1608 4078 1659 Opernhaus⸗Preiſen verkauft:
3607 1651 4888 1705 Ein Billet in den Logen des Proſceniums 1 Rthlr. 10 Sgr.;
3504 1699 4888 1755 in den Logen des erſten Ranges und erſten Balkons, ſo wie zur
3506 1751 4889 1803 Tribüne, 1 Rthlr. 10 Sgr.; im Parquet und in den Logen des zwei⸗
3507 1798 4890 1853 ten Ranges 1 Rthlr.; in den Logen und im Balkon des dritten Ran⸗
3505 1846 4889 1903 ges, ſo wie im Parterre, 20 Sgr.; im Amphitheater 10 Sgr.; in
3504 1901 4082 1949 den Fremden⸗Logen 2 Rthlr.
3606 1943 4887 1997 Die Inhaber von reſervirten Billets werden erſucht, ſolche bis
3505 1990 4887 2047 Montag, den 10. Mai, Mittags 2 Uhr, im Billet⸗Verkaufs⸗
3506 2038 4886 2092 Büreau abholen zu laſſen, widrigenfalls dieſe anderweit verkauft wer⸗
3505 2086 4883 2144 den müſſen. Auch die Freibillets können nur bis zu dieſer Zeit auf⸗
3504 2147 3829 2192 bewahrt werden.
3608 2184 4882 2239 Im Schauſpielhauſe. 56ſte franzöſiſche Abonnements⸗Vorſtellung.
3506 2233 4567 2278 Noémie. Monsieur Mouflet. Vicomte Giroflée.
3605 2282 4889 2333 Mittwoch, 12. Mai. Im Schauſpielhauſe. 77ſte Abonnements⸗
3505 2328 4888 2384 Vorſtellung: Struenſee, Trauerſpiel in 5 Abth., von M. Beer.
3503 2374 4887 2428 Die Ouvertüre, die Muſik zu den ſämmtlichen Zwiſchenakten und die
3502 2426 4585 2482 zur Handlung gehörige Muſik iſt von G. Meyerbeer.
3714 2522 4680 2567 Verantwortlicher Redacteur Dr. J. W. Zinkeiſen.
3891 2591 4511 2643 Im Selbſtverlage der Expedition.
3619 2670 4780 2723 Gedruckt in der Deckerſchen Geheimen Ober⸗Hofbuchdruckerei.
1881 2880 3642 2994 Allgemeiner Anzeiger.
785 3016 1467 3098 Bekanntmachungen.
622 3120 722 3166 [418]
843 3114 1422 3163 Vorladung.
672 3162 1626 3207 Ueber das Vermögen der verehelichten Kaufmann
627 3204 1624 3252 Mannigel, Marie Louiſe Amalie, geborenen Häſecke,
623 3246 1625 3294 hierſelbſt iſt durch die Verfügung vom 5. Oktober 1846
621 3285 1623 3332 der Konkurs eröffnet worden. Zur Anmeldung der An⸗
618 3332 1620 3377 ſprüche an die Konkursmaſſe haben wir einen Ter⸗
616 3378 765 3418 min auf
724 3418 1505 3461 den 28. Auguſt cr., Vorm. 10 Uhr,
612 3459 1614 3502 vor dem Herrn Land⸗ und Stadtgerichtsrath Niſchelsky
608 3495 1612 3549 im Königl. Land⸗ und Stadtgericht hierſelbſt angeſetzt,
607 3545 1609 3592 wozu die Gläubiger hierdurch unter der Warnung vor⸗
604 3586 1607 3636 geladen werden, daß diejenigen, welche in dieſem Ter⸗
605 3630 1606 3675 mine nicht erſcheinen, mit allen ihren Forderungen an
603 3671 1605 3718 die Maſſe präkludirt und ihnen deshalb gegen die übri⸗
604 3716 1603 3764 gen Gläubiger ein ewiges Stillſchweigen auferlegt wer⸗
603 3762 757 3799 den ſoll.
647 3802 1604 3850 Den Gläubigern, welchen es an Bekanntſchaft fehlt,
601 3846 1605 3891 und die am perſönlichen Erſcheinen behindert ſind, wer⸗
600 3889 1605 3935 den die hieſigen Juſtiz⸗Kommiſſarien Keller, Vogel, Ju⸗
598 3932 1605 3978 ſtizrath Dr. Bardeleben und Juſtizrath Hannemann als
601 3978 1065 4022 Sachwalter vorgeſchlagen.
647 4019 1340 4063 Frankfurt a. O., den 19. April 1847.
731 4072 1461 4119 Königl. Preuß. Land⸗ und Stadtgericht.
607 4430 730 4471 [215 b]
645 4221 1556 4310 Köln⸗Mindener Eiſenbahn.
602 4331 1603 4413 Neunte Einzahlung von zehn
972 4422 1235 4501 Prozent.
1209 4530 1605 4573 Unter Bezugnahme auf
1163 4572 1603 4612 die §§. 10. und 11. des
1163 4616 1603 4659 von des Königs Maje⸗
1162 4659 1603 4701 ſtät unterm 18. Dezem⸗
1164 4702 1604 4743 ber 1843 beſtätigten Sta⸗
1166 4746 1604 4780 tuts der Köln⸗Mindener
1167 4787 1605 4830 Eiſenbahn⸗Geſellſchaft
1168 4831 1604 4867 werden die Actionaire
1170 4872 1561 4918 hierdurch aufgefordert,
617 4910 1602 5004 die neunte Einzahlung von zehn
994 4999 1234 5077 Prozent
609 5079 1049 5123 oder 20 Thlr. pr. Actie
682 5123 1540 5211 bis zum 15. Mai d. Jahres
605 5212 917 5255 nach ihrer Wahl
650 5262 1611 5333 in Berlin bei der Königlichen Haupt⸗
935 5341 1234 5384 Bank⸗Kaſſe,
662 5393 1261 5461 » Cöln bei den Bankhäuſern
879 5473 1376 5517 A. & L. Camphauſen,
873 5516 1215 5560 J. D. Herſtatt,
877 5558 1433 5605 S. Oppenheim jr. & Co.,
873 5603 1355 5646 Abr. Schaaffhauſen,
873 5648 1152 5691 J. H. Stein,
661 5696 1618 5777 » Düſſeldorf bei dem Bankhauſe W. Cleff
599 5775 1615 5823 zu leiſten und die in ihren Händen befindlichen Par⸗
600 5815 1614 5867 tialquittungen über die früheren Einzahlungen mit ein⸗
598 5857 1613 5911 zuliefern, indem nur gegen deren Zurückgabe die über
598 5901 1611 5954 90 Prozent oder 180 Thaler lautenden neuen Partial⸗
598 5945 1276 5991 quittungen verabfolgt werden können.
646 6015 1606 6073 Die Annahme der Einzahlung findet vom
1708 3016 2693 3092 1. bis incl. 15. Mai d. J. ſtatt (bei der
1706 3099 2698 3146 Königlichen Haupt⸗Bankkaſſe nur Vormittags von
1708 3141 2700 3181 8 bis 12 Uhr), und werden die bezeichneten Em⸗
1706 3182 2704 3226 pfangsſtellen die von ihnen zu ertheilenden Interims⸗
1705 3225 2705 3269 Quittungen gegen die von uns ausgefertigten Partial⸗
1703 3267 2705 3311 Quittungen in der Zeit vom 15. bis incl. 22. Juni
1702 3311 1961 3349 c. umtauſchen.
1743 3351 2702 3395 Bei Einzahlung auf mehrere Partial⸗Quittungen muß
1699 3394 2701 3436 ein nach den Actiennummern geordnetes Verzeichniß
1697 3438 2200 3480 derſelben eingereicht werden.
1736 3482 2697 3566 Es wird den Actionairen freigeſtellt, die noch
1690 3570 2698 3656 rückſtändigen 10ten zehn Pro⸗
1686 3665 2698 3744 zent gleichzeitig mit den oben⸗
1688 3749 2699 3830 erwähnten 9ten zehn Prozent
1686 3833 2697 3878 unter Anrechnung der bis ultimo Dezember
1686 3876 2696 3920 d. J. verfallenen, bei Berückſichtigung der für Vor⸗
1686 3920 2695 3964 ausbezahlung zu berechnenden Diskonto⸗Vergütung ſich
1687 3962 2693 4008 auf 10 Thlr. 20 Sgr. per Actie belaufenden Zinſen
1685 4006 2694 4050 zum Geſammtbetrage von 29 Thlr. 10 Sgr. per Actie
1686 4049 2693 4093 einzuzahlen. Hinſichtlich des Zinſenpunktes beziehen wir
1684 4093 2693 4136 uns noch auf unſere Bekanntmachung vom 15. No⸗
1683 4133 1876 4185 vember pr.
1727 4178 2691 4222 Die den hiervon Gebrauch machenden Actionairen zu
1685 4223 2693 4266 ertheilenden Interims⸗Quittungen werden hier in der
1686 4265 2693 4309 Reihenfolge der Anmeldung gegen Actien⸗Dokumente
1686 4308 2691 4352 nebſt zugehörigen Zins⸗Coupons und Dividendenſchei⸗
1685 4352 1982 4393 nen umtauſchen.
1728 4414 2208 4458 Köln, den 9. März 1847.
1927 4470 2458 4515 Die Direction.
1685 4668 1807 4709 [470 b]
1912 4673 2446 4754 Dampfſchifffahrt
2459 4758 2595 4802 zwiſchen
2397 4809 2661 4890 Magde⸗
2459 4899 2596 4978 burg
2478 4989 2587 5051 und
2365 5076 2686 5158 Hamburg.
1925 5180 2442 5248 Monat Mai.
1873 5279 2501 5332 Paſſagier⸗Dienſt.
1691 5333 2664 5415 von Magdeburg: von Hamburg:
1695 5406 1921 5466 Sonntag,
2215 5409 2439 5462 Sonntag,
1696 5450 1917 5502 Dienſtag,
2017 5453 2437 5501 Nachm. Dienſtag,
1698 5489 1972 5542 Donnerſtag,
2020 5494 2491 5545 3 Uhr, Donnerſtag,
1700 5533 1880 5579 Freitag,
2214 5541 2500 5586 Sonnabend,
2553 5449 2689 5497 Abends
2554 5497 2681 5549 6 Uhr.
1956 5602 2413 5654 Schleppdienſt:
1702 5641 2687 5710 Sonntag u. Donnerſtag, Sonntag u. Mittwoch.
1742 5693 2686 5756 Unter Hinweiſung auf die bereits veröffentlichten be⸗
1698 5742 2684 5798 deutend ermäßigten Paſſage⸗Preiſe machen wir noch
1697 5784 2685 5845 darauf aufmerkſam, daß unſere Paſſagier⸗Dampfſchiffe
1695 5826 2683 5884 am Tage des Abgangs Abends in Wittenberge eintreffen,
1694 5870 2686 5925 und damit den des Nachmittags 5 ½ Uhr von Berlin per
1697 5913 2688 5970 Eiſenbahn abgegangenen Reiſenden Gelegenheit dar⸗
1692 5955 2685 6012 bieten, ihre Reiſe noch am Abend von Wittenberge fort⸗
1689 5998 2685 6048 zuſetzen und in Hamburg bei guter Zeit am anderen
1689 6038 2058 6090 Morgen einzutreffen.
2813 3023 3787 3067 Die Paſſage⸗Preiſe von Wittenberge nach Hamburg
2772 3067 2853 3105 ſind:
2774 3103 3791 3149 für 1 Perſon I. Kajüte Thlr. 2 ½ u. II. Kajüte Thlr. 1 ½.
2822 3154 3332 3189 Magdeburg, im Mai 1847.
3038 3209 3540 3243 Die Direction
2783 3251 3796 3294 der vereint. Hamburg⸗Magdeburger Dampfſchifffahrts⸗
3192 3295 3401 3337 Compagnie.
3296 3338 3534 3380 Holtzapfel.
2778 3550 2910 3591 [409 b]
2966 3462 3612 3545 Dampf⸗Packetfahrt
3218 3550 3358 3593 zwiſchen
2818 3594 3747 3684 Lübeck und St. Petersburg
2921 3686 3659 3768 und Lübeck und Riga.
2790 5001 2946 5073 ☛
3511 3767 3791 3811 Die rühmlichſt
3461 3811 3790 3846 bekannten drei
3460 3855 3791 3898 Dampfſchiffe der
3460 3898 3792 3942 St. Petersburg⸗
3459 3940 3791 3980 Lübecker Dampf⸗
3459 3984 3792 4027 ſchifffahrt⸗Geſell⸗
3460 4027 3792 4069 ſchaft: „Nasled⸗
3460 4071 3792 4114 nik“, „Nicolai I.“
3459 4114 3793 4157 und „Alexandra“
3460 4157 3792 4197 werden in dieſem
2769 4200 3792 4245 Jahre eine regelmäßige Fahrt zwiſchen den obgenann⸗
2769 4243 3790 4288 ten Plätzen unterhalten, vom 8. Mai anfangend und
2769 4286 3790 4328 bis Ende Oktober fortlaufend. — Von Trave⸗
2770 4328 3789 4373 münde und von Cronſtadt wird jeden Sonnabend
2770 4372 3790 4417 von jedem Hafen eines abgehen, von Travemünde
2770 4413 3789 4460 und von Riga aber nur abwechſelnd einen Sonnabend
2769 4461 3073 4494 um den anderen.
2815 4496 3789 4546 Abfahrt von Travemünde Nachmittags 3 Uhr
2770 4541 3789 4590 nach Cronſtadt und Nachmittags 4 Uhr nach Riga.
2937 4589 3623 4633 Preiſe der Paſſage.
3124 4628 3481 4680 Nach Cronſtadt:
2931 4671 3640 4719 erſte Kajüte 54 Thlr., zweite 35 Thlr.,
3066 4717 3491 4762 dritte 22 Thlr. Pr. Ct.
3156 4762 3399 4805 Nach Riga:
2899 4797 3663 4849 erſte Kajüte 38 ½ Thlr., zweite 27 ½ Thlr.,
3054 4844 3503 4890 dritte 16 ½ Thlr. Pr. Ct.
2813 4891 3286 4935 Nähere Nachricht ertheilt
2929 4922 3745 4977 das Comtoir der Dampfſchifffahrt⸗
3076 4968 3590 5020 Geſellſchaft zu Lübeck.
2955 5009 3788 5065 Exemplare des Proſpectus ſind bei Herren H.
2955 5053 3618 5107 F. Fetſchow & Sohn zu haben.
2764 5220 2859 5263 [365]
3104 5215 3453 5251 Editto.
2809 5269 3779 5330 Sopra istanza 27. corrente No. 9592. di Maria
2767 5314 3780 5365 Catterina e Maria Rosa sorelle Bolda e di Celestino
2764 5359 3780 5408 Marchi Alletti legale rappresentante il minore suo
2764 5402 3780 5455 figlio Omobono Marchi Alletti si cita l'assente e
2765 5442 3789 5500 d'ignota dimora Francesco Bolda del fu Gio: Bat-
2764 5488 3778 5534 tista del Comune di Vescovato in questa Provincia
2765 5531 3786 5586 (entrato al servizio militare ed aggregato al Reggi-
2763 5573 3778 5623 mento de' Veliti della disciolta Guardia italiana sino
2764 5612 3777 5666 col giorno 24. Gennajo 1811 rimasto prigioniero di
2763 5658 3779 5712 guerra in Russia nel 17. Novembre 1812) a dover
2763 5700 3777 5756 comparire nel termine d'un anno, avvertito che non
2763 5746 3781 5797 presentandosi, o non facendo in altra guisa perve-
2762 5787 3779 5833 nire a questo Tribunale od al deputatogli curatore
2763 5830 3780 5869 Avvocato Saverio Venturelli notizia della sua esi-
2762 5874 3777 5921 stenza entro il suddetto termine si procedera alla
2762 5917 3401 5954 dichiarazione della di lui morte.
2808 5960 3786 6006 Il presente verrà pubblicato nei luoghi e modi
2761 6003 3779 6048 soliti in Cremona ed inserito per tre distinte volte
2762 6046 3780 6086 di settimana in settimana nella Gazzetta Provinciale,
3867 3006 4887 3057 nelle Privilegiate di Milano e di Vienna e nelle
3869 3056 4611 3095 Officiali di Berlino e di Pietroburgo.
3917 3090 4886 3138 Cremona, dall' I. R. Tribunale Provinciale li
3870 3142 4251 3172 30. Dicembre 1843.
4139 3178 4625 3208 Il Presidente
4211 3219 4551 3253 Resti Ferrari.
4215 3262 4435 3293 Pellizari.
4208 3302 4411 3339 Frigerio.
3871 3456 4000 3507 [494 b]
4189 3462 4573 3494 Hermann Biow
3967 3503 4783 3595 Photographische
4155 3592 4611 3662 Portraits.
3918 3683 4877 3726 Durch die Allerhöchste Gnade Sr. Majestät des
3872 3725 4886 3767 Königs ist mir im Königl. Schlosse Monbi-
3868 3768 4888 3821 jou für meine photographischen Arbeiten ein Ate-
3871 3814 4880 3863 lier eingeräumt worden, und ich bin jetzt im Stande,
3869 3854 4880 3899 die früher an mich ergangenen, so wie spätere Auf-
3870 3897 4887 3940 träge für einzelne Lichtbildnisse, wie für Familien-
3871 3939 4878 3990 gruppen, auszuführen. Im Atelier sind eine Reihe
3870 3984 4880 4028 meiner photographischen Erzeugnisse zur gef. An-
3870 4028 4528 4065 sicht für Kunstfreunde aufgestellt.
4309 4069 4688 4107 Hermann Biow,
4351 4111 4634 4149 Portrait-Maler,
4163 4155 4831 4199 Atelier Königl. Schloſs Monbijou,
4268 4198 4720 4238 im Gartengebäude.
3865 4321 4007 4362 [460 b]
3905 4583 4844 4617 in den neuesten und geschmackvollsten Mustern,
3904 4620 4842 4659 aus französischen und rheinländischen Fabriken,
3901 4664 4839 4709 empfiehlt in gröſster Auswahl zu verhältniſsmä-
3902 4707 4283 4748 ſsig billigen Preisen
4033 4750 4838 4787 Ed. Ostermann, Brüderstraſse No. 11.
3933 4412 4822 4562 Papier-Tapeten
3867 4958 3992 4999 [477 b]
4053 4956 4729 5001 Wein⸗Verſteigerung in Trier.
3908 5019 4872 5063 Auf Anſtehen des Herrn Pet. Ludw. Mohr
3861 5063 4874 5137 dahier ſollen am Mittwoch den 19. Mai
3859 5149 4875 5199 nachſtehende vorzügliche, durchaus rein ge⸗
3861 5191 4873 5241 haltene Weine ſeines eigenen Wachs⸗
3857 5232 4870 5285 thums in deſſen Wohnhauſe dahier öffent⸗
3858 5276 4875 5325 lich durch den Unterzeichneten verſteigert
3857 5323 4229 5364 werden nämlich:
3991 5362 4825 5410 25 Fuder 1842er Oberemmeler und Pisporter
4017 5405 4702 5444 8 ⸗ 1846er Oberemmeler Rauler
4014 5447 4557 5493 8 ⸗ ⸗ Scharzberger
4199 5493 4520 5533 ferner eventualiter
3993 5534 4873 5579 30 ⸗ 1846er Thiergärtner in Looſen von 5
4124 5577 4435 5619 oder mehr Fuder.
3903 5620 4871 5667 Die Proben werden in üblicher Weiſe vor
3857 5663 4872 5715 und in der Verſteigerung verabreicht und
3856 5707 4874 5754 derſelben eine billige Taxe zu Grunde ge⸗
3857 5754 4128 5800 legt werden.
3902 5811 4366 5857 Trier, den 1. Mai 1847.
4472 5853 4828 5898 Bochkoltz, Notar.
6764 349 7698 453 Allgemeine
5915 480 8513 854 Preußiſche Zeitung.
5138 404 5723 459 Das Abonnement beträgt:
5208 463 5625 508 2 Rthlr. für ¼ Jahr.
5206 508 5623 553 4 Rthlr. - ½ Jahr.
5203 550 5622 596 8 Rthlr. - 1 Jahr.
5094 603 5748 649 in allen Theilen der Monarchie
5199 651 5650 695 ohne Preis-Erhöhung.
5096 698 5747 742 Bei einzelnen Nummern wird
5096 741 5745 791 der Bogen mit 2 ½ Sgr. berechnet.
8669 380 9293 453 Alle Poſt-Anſtalten des In-
8669 423 9298 495 und Auslandes nehmen Beſtellung
8671 466 9298 533 auf dieſes Blatt an, für Berlin
8667 506 9301 574 die Expedition der Allg. Preuß.
8910 556 9075 603 Zeitung:
8724 596 9258 644 Behren-Straße Nr. 57.
8672 653 9312 702 Inſertions-Gebühr für den
8672 697 9313 751 Raum einer Zeile des Allg.
8822 739 9174 787 Anzeigers 2 Sgr.
5085 942 5488 1037 No 130.
6508 957 7902 1025 Berlin, Dienſtag den 11ten Mai
9099 937 9327 1011 1847.
5607 1194 5943 1240 Inhalt.
5085 1248 5479 1290 Amtlicher Theil.
5085 1292 6454 1339 Landtags⸗Angelegenheiten. Sitzung der Kurie der drei Stände
5130 1337 6453 1385 am 6. Mai: Reclamationen wegen des Protokolls über die vorherge⸗
5130 1379 6454 1425 hende Sitzung; Eingabe des Landtags⸗Marſchalls an Se. Majeſtät den
5130 1422 6456 1470 König; Petitionen an die reſpektiven Abtheilungen verwieſen; die Ab⸗
5131 1465 6453 1510 ſtimmungs⸗Liſten; die ſtenographiſchen Berichte; Zeiterſparniß bei den
5130 1506 6453 1558 Sitzungen; Gutachten der vierten Abtheilung über die Petition wegen
5130 1551 6451 1601 Abänderung des Reglements über den Geſchäftsgang bei dem Vereinig⸗
5130 1596 5883 1640 ten Landtag und Verhandlungen darüber.
5406 1875 6129 1982 Amtlicher Theil.
5143 2010 6184 2074 Se. Majeſtät der König haben Allergnädigſt geruht:
5196 2069 6447 2132 Dem Oberſt⸗Lieutenant a. D., Karl d'Elpons und dem
5093 2116 6448 2184 Major a. D., Friedrich d'Elpons, ſo wie ihrer rechtmäßigen
5092 2163 6446 2230 Nachkommenſchaft, bei Anerkennung des Familien⸗Adels, zu geſtatten,
5092 2212 6447 2277 das Prädikat von anzunehmen und ſich künftighin von Elpons zu
5092 2261 5570 2306 nennen und zu ſchreiben.
5196 2412 6446 2465 Abgereiſt: Se. Excellenz der General⸗Lieutenant und kom⸗
5093 2455 6446 2521 mandirende General des 3ten Armee⸗Corps, von Weyrach, nach
5094 2508 5242 2554 Torgau.
5190 2552 6447 2619 Se. Erlaucht der regierende Graf zu Stolberg⸗Wernigerode,
5088 2604 5424 2649 nach Wenigerode.
5187 2651 6447 2713 Se. Excellenz der Wirkliche Geheime Rath Graf zu Stolberg⸗
5086 2699 5713 2749 Wernigerode, nach Breslau.
5300 2979 6252 3061 Landtags-Angelegenheiten.
5197 3090 6348 3135 Sitzung der Kurie der drei Stände am 6. Mai.
5187 3156 6464 3208 Die Sitzung beginnt unter dem Vorſitze des Landtags⸗Marſchalls
5083 3204 6464 3254 von Rochow, Vormittags 10 ¾ Uhr, mit Verleſung des über die vor⸗
5085 3252 6466 3303 hergehende Sitzung aufgenommenen Protokolls durch den Secretair
5088 3301 5793 3346 der Kurie, Abgeordneten Naumann.
5188 3348 6465 3397 Nach Beendigung dieſer Vorleſung und auf die Anfrage des
5094 3393 6442 3446 Marſchalls, ob etwas gegen das Protokoll zu erinnern ſei? bemerkt
5192 3444 6464 3495 Abgeordn. Mohr: Ich habe zu bemerken, daß in dem Pro⸗
5097 3490 6462 3546 tokolle nicht der Inhalt meines Amendements angegeben worden iſt.
5094 3538 6463 3591 Ich muß um ſo mehr darauf beſtehen, daß dies geſchehe, als es der
5093 3586 6461 3639 Geſchäftsordnung angemeſſen iſt und ich in dem veröffentlichten Be⸗
5092 3633 6462 3685 richte hierüber gefunden habe, daß darin geſagt iſt, mein Amendement
5091 3682 6459 3731 habe keine Unterſtützung gefunden, und es ſei hierauf Gelächter er⸗
5089 3729 6460 3784 folgt. Man könnte daraus ſchließen, daß ich etwas Lächerliches geſagt
5088 3776 6459 3830 hätte. Wird aber mein Amendement veröffentlicht, ſo werden meine
5084 3826 6456 3876 Kommittenten und die Mitglieder der Herren⸗Kurie erſehen können,
5086 3868 6458 3931 ob ich etwas vorgebracht habe, was lächerlich iſt. Ich glaube, es iſt
5086 3919 6455 3976 mein Antrag der Geſchäftsordnung gemäß, ich kann es verlangen, und
5089 3970 5889 4024 ich verlange nicht mehr, als geſetzlich iſt.
5185 4015 6454 4064 Secretair Naumann: Ich habe zu bemerken, daß das Amen⸗
5082 4063 6453 4117 dement des Abgeordneten in geſtriger Sitzung nicht verleſen worden
5080 4111 6451 4164 iſt und ich mich nicht befugt gehalten habe, etwas ins Protokoll auf⸗
5078 4158 5967 4212 zunehmen, was nicht vorgetragen worden iſt.
5178 4206 6449 4256 Marſchall: Die Verleſung hat nur darum nicht ſtattgefun⸗
5078 4254 6449 4304 den, weil ſich das Amendement gedruckt in den Händen aller Mitglie⸗
5077 4302 6446 4351 der befand. Dem Antragſteller würde entſprochen werden können,
5079 4350 6448 4400 wenn ein Exemplar des Amendements dem Protokoll beigelegt
5078 4403 5205 4439 würde.
5179 4445 6445 4497 Abgeordn. Mohr: Ich muß darauf beſtehen, daß das Amen⸗
5079 4494 6445 4544 dement durch die öffentlichen Blätter bekannt gemacht werde; denn
5081 4542 6444 4593 es heißt in dem Zeitungs⸗Berichte; das Amendement hat keine Un⸗
5082 4591 5934 4642 terſtützung gefunden und hierauf Gelächter.
5179 4637 6369 4686 (Stimmen unter einander und überhaupt lautes Beſprechen.)
5182 4686 6443 4737 Marſchall: Es würde vielleicht dadurch genügt werden, wenn
5084 4725 6444 4784 das Amendement dem ſtenographiſchen Berichte beigefügt würde. Da⸗
5090 4784 5758 4834 gegen iſt wohl nichts zu erinnern?
5180 4832 5675 4879 (Stimmen: Nein, Nein!)
5178 4878 6445 4933 Abgeordn. Mohr: Und daß das Amendement dem Protokoll
5080 4932 5420 4980 beigedruckt werde.
5178 4974 6445 5028 Abgeordn. von Auerswald: Die ſtenographiſchen Nieder⸗
5079 5023 6193 5076 ſchriften von dieſer Sitzung ſind noch gar nicht gedruckt.
5177 5071 6442 5119 Eine Stimme: Ich glaube, der Antragſteller verwechſelt die⸗
5077 5120 5978 5170 ſes Amendement mit einem früheren Antrage.
5172 5160 6447 5217 Marſchall: Der Antragſteller befriedigt ſich damit, daß das
5073 5216 5712 5265 Amendement aufgenommen wird.
5171 5264 6447 5315 Abgeordn. Mohr: Meine Herren! Ich werde hier aufgefor⸗
5072 5310 6448 5362 dert, darauf anzutragen, daß das Wort „Gelächter“ in den Berich⸗
5073 5360 6449 5409 ten geſtrichen werde, und ich gebe dieſen Antrag der hohen Ver⸗
5073 5407 5434 5455 ſammlung anheim.
5467 5458 6053 5505 (Viele Stimmen: Ja, Ja!)
5170 5502 6452 5557 Marſchall: Alſo werden die Herren Secretaire, welche die
5072 5550 6453 5602 ſtenographiſchen Berichte durchſehen, die Güte haben, dieſes Wort in
5072 5598 5496 5647 denſelben zu ſtreichen.
5170 5647 6454 5701 Eine Stimme: Ich würde mich dagegen erklären, daß das
5070 5695 6455 5749 Amendement des Abgeordneten Mohr in den ſtenographiſchen Bericht
5069 5742 6453 5797 aufgenommen werde. Es iſt nicht verleſen worden, ich habe es auch
5050 5781 6446 5861 nicht gedruckt geleſen, und es kann nicht etwas in dem ſtenographi⸗
5070 5830 6329 5892 ſchen Berichte abgedruckt werden, was wir nicht gehört haben.
5162 5874 6454 5942 Marſchall: Wenn das das Bedenken iſt, ſo kann es verleſen
5069 5923 5213 5960 werden.
5172 5969 6452 6037 Secretair Naumann verlieſt das Amendement, welches ſo
5065 6007 5208 6059 lautet:
6974 1183 7440 1236 Amendement
6527 1255 7887 1304 zu dem Entwurfe einer Verordnung, betreffend die Aus⸗
6551 1307 7862 1357 ſchließung beſcholtener Perſonen von ſtändiſchen Ver⸗
7054 1356 7365 1403 ſammlungen,
6527 1424 7888 1477 in der Form eines abgeänderten Geſetz⸗Entwurfes, eingereicht in der
6552 1472 7864 1521 Sitzung vom 1. Mai 1847 durch den Abgeordneten P. L. Mohr
7107 1521 7305 1559 von Trier.
6525 1589 7885 1637 Titel und Einleitung mit dem Entwurfe gleichlautend.
7129 1670 7280 1706 Art. 1.
6619 1717 7886 1765 Den ſtändiſchen Verſammlungen allein ſteht das Recht zu, über
6518 1765 7885 1813 die Beſcholtenheit oder Unbeſcholtenheit ihrer Mitglieder zu er⸗
6522 1815 6649 1851 kennen.
7129 1862 7280 1899 Art. 2.
6620 1908 7885 1956 Es ſind ¾ der Stimmen der ſtändiſchen Verſammlung erfor⸗
6522 1957 7885 2005 derlich, um die Beſcholtenheit eines ihrer Mitglieder auszuſprechen
6522 2005 7745 2054 und ſomit deſſen Ausſcheidung aus ihrer Mitte zu beſchließen.
7127 2055 7280 2092 Art. 3.
6621 2102 7512 2150 Die ſtändiſchen Rechte können niemals ruhen.
7128 2151 7281 2187 Art. 4.
6620 2195 7886 2245 Wer nach Art. 1 und 2 wegen Beſcholtenheit von den ſtändi⸗
6520 2244 7886 2293 ſchen Verſammlungen ausgeſchloſſen worden iſt, kann zu jeder Zeit
6522 2287 7886 2341 ſeine ſtändiſchen Rechte wieder erlangen, kraft eines Beſchluſſes der
6521 2340 7886 2390 nämlichen ſtändiſchen Verſammlung, wenn die Hälfte der Stimmen
6522 2390 6861 2437 ſich dafür erklärt.
7127 2439 7277 2476 Art. 5.
6617 2483 7886 2534 Anträge auf Beſcholtenheits⸗Ausſprüche und auf Wiederauf⸗
6522 2532 7886 2581 hebung derſelben (Art. 2 und 4) können nur aus der Mitte der ſtän⸗
6522 2582 7186 2631 diſchen Verſammlung hervorgehen.
7125 2632 7276 2667 Art. 6.
6620 2675 7889 2725 Alle dem gegenwärtigen Geſetze zuwiderlaufende Vorſchriften
6523 2725 7057 2772 werden hiermit aufgehoben.
6621 2768 7892 2820 Abgeordn. von Leipziger: Ich bitte, die Aeußerung nochmals
6526 2813 7894 2865 aus dem Prokokolle zu verleſen, die ich in Bezug auf das erwähnte
6528 2864 7043 2911 Unternehmen gethan habe.
6627 2905 7692 2958 Secretair Naumann lieſt die betreffende Stelle vor:
6579 2961 7898 3014 „Der Marſchall und der Abgeordnete von Leipziger, als Secretair,
6584 3008 7902 3059 nahmen Veranlaſſung, zu erklären, daß ſie nur vorläufig von dem
6584 3051 7903 3106 Projekte Kenntniß erhalten hätten, aber keine Zuſicherung der Mit⸗
6584 3099 7799 3153 wirkung ſeitens der Landtags⸗Secretaire ertheilt worden ſei.“
6635 3145 7906 3196 (Nachdem Secretair Naumann die betreffende Stelle vorgele⸗
6540 3196 6747 3241 ſen hatte:)
6635 3240 7908 3293 Das habe ich nicht geſagt, ſondern ich ſagte, daß der Marſchall
6540 3289 7907 3337 der Herren⸗Kurie mich erſucht hätte, die Aufſicht über die Unterneh⸗
6540 3336 7905 3387 mung zu führen, und daß ich in Folge d ſſen Rückſprache mit Herrn
6540 3385 7903 3435 Reimarus über die Einrichtung des Unternehmens genommen hätte.
6539 3432 7901 3482 Ich habe mich nicht weiter darüber ausgelaſſen, aber vorausgeſetzt,
6539 3479 7900 3530 daß es der Herr Marſchall der Herren⸗Kurie zur Sprache bringe.
6536 3528 7899 3578 Ich habe mit Herrn Reimarus über die Einrichtung geſprochen und
6538 3575 7895 3628 geſagt, daß ich zu dem Herrn Marſchall hingehen und mit ihm Rück⸗
6536 3621 7898 3674 ſprache nehmen würde. Wie ich geſtern gehört habe, hat es der
6534 3670 7897 3722 Herr Marſchall noch nicht zur Sprache gebracht, weil ſeitdem keine
6535 3718 7896 3771 gemeinſchaftliche Sitzung ſtattgefunden hat; er hat aber beabſichtigt,
6533 3768 7896 3820 in gemeinſchaftlicher Sitzung das ganze Unternehmen zur Sprache zu
6532 3814 7897 3868 bringen und vorzuſchlagen, daß dieſes Unternehmen vom Sekretariat
6532 3869 6689 3915 ausgehe.
6629 3911 7891 3959 Secretair Naumann: Wenn ich bitten darf; ſo ſage man
6530 3957 7896 4011 mir, wie das geändert werden ſoll. Ich habe mich blos darauf
6528 4006 7887 4059 beſchränkt, in dem Protokoll zu ſagen, daß eine Zuſicherung ſeitens
6528 4054 7891 4105 der Secretaire nicht ertheilt worden ſei, ich habe aber die übrigen
6527 4102 7892 4154 Mittheilungen, die über die Ausführung des Unternehmens gemacht
6525 4154 7253 4202 worden ſind, nicht mit aufgenommen.
6624 4197 7889 4249 Abgeordn. von Leipziger: Ich habe den Auftrag von dem
6523 4242 7888 4296 Herrn Marſchall übernommen und allerdings dabei vorausgeſetzt, daß
6523 4291 7888 4343 das Unternehmen dem Landtage vorgeſchlagen werde, da ich ſonſt
6528 4341 7704 4392 den Auftrag wahrſcheinlich nicht angenommen haben würde.
6619 4387 7885 4435 Secretair Naumann: Ich werde mit dem geehrten Herrn
6520 4434 6900 4484 mich ſpäter einigen.
6619 4479 7884 4533 Abgeord. Hanſemann: Ich vermiſſe in dem Protokolle die
6519 4528 7880 4580 Angabe, daß die Erklärung der Verſammlung hinſichtlich der Frage,
6519 4575 7881 4627 welche der Herr Landtags⸗Marſchall in Bezug auf das Eingehen von
6519 4622 7553 4673 Anträgen geſtellt hat, von mehr als ⅔ geſchehen iſt.
6614 4669 7881 4722 Marſchall: Es iſt nicht ermittelt worden, ob die Majorität
6517 4720 6893 4768 mehr als ⅔ betrug.
6615 4765 7878 4815 Secretair Naumann: Ich muß bekennen, daß die Notizen,
6517 4813 7883 4864 die ich eben einſehe, nur ſagen: die Majorität bejaht die Frage
6517 4860 7902 4913 durch Aufſtehen. Es iſt nicht erklärt worden, daß mehr als ⅔ auf⸗
6518 4911 6809 4959 geſtanden ſeien.
6618 4956 7886 5005 Secretair Kuſchke: Ich habe die Notiz auch nur in der Art
6520 5009 6671 5056 gemacht.
6616 5052 7885 5102 Eine Stimme: Ich würde glauben, daß es nich ⅔ waren.
6520 5102 7385 5150 Es war zweifelhaft, ob ⅔ aufgeſtanden ſind.
6617 5149 7889 5198 Eine andere Stimme: Dem muß ich mich anſchließen. Ich
6522 5198 7380 5250 glaube nicht, daß es ⅔ waren, die bejahten.
6618 5246 7890 5295 Eine dritte Stimme: Ich bin der entgegengeſetzten
6522 5299 6659 5346 Anſicht.
6620 5352 7894 5402 Marſchall: Da geſtern die Sache nicht ermittelt worden iſt
6524 5401 7894 5451 und ſie heute beſtritten wird, ſo kann ſie ſchwerlich jetzt feſtgeſetzt
6524 5449 7895 5498 werden. Ich meinerſeits lege keinen Werth darauf, ich glaube aber
6537 5498 7896 5548 ncht, daß die Zahl geſtern ermittelt worden iſt, und daher kann ſie
6526 5547 7410 5595 nicht in das Protokoll aufgenommen werden.
6624 5593 7896 5642 Eine Stimme: Es wurde ſogar von mehreren Seiten be⸗
6527 5644 7355 5695 zweifelt, ob die Majorität vorhanden war.
6625 5692 7896 5742 Marſchall: Findet ſich noch etwas zum Protokoll zu bemer⸗
6528 5739 7821 5790 ken? Da dies nicht geſchieht, ſo iſt das Protokoll angenommen.
6626 5780 7900 5837 Als Secretaire treten die Abgeordneten Siegfried und von
6528 5839 6842 5879 Waldbott ein.
6625 5894 7900 5945 Marſchall: Ich habe nunmehr die allerunterthänigſte Ein⸗
6528 5943 7897 5995 gabe an Seine Majeſtät den König über die verſchiedene Anſicht in
6526 5992 7899 6044 Betreff der Auslegung des §. 26 a. des Reglements aufg tzt und
6525 6042 7539 6093 werde dieſelbe der hohen Verſammlung vortragen:
8201 1156 9103 1210 Allerdurchlauchtigſter, Großmächtigſter König,
8336 1208 8967 1259 Allergnädiger König und Herr!
8061 1274 9353 1330 In der heutigen Sitzung der Kurie der drei Stände des Ver⸗
7958 1322 9352 1379 einigten Landtages hat ſich die Mehrheit der Verſammlung dahin
7956 1369 9351 1428 ausgeſprochen, daß der §. 26 a. des Reglements über deren Geſchäfts⸗
7957 1418 9352 1476 gang von mir unrichtig ausgelegt worden ſei, indem ich mich für
7956 1468 9350 1523 nicht befugt erklärt habe, den allerunterthänigſt beigefügten Antrag
7956 1516 9350 1572 mehrerer Abgeordneten der Provinz Poſen einer Abtheilung zur Vor⸗
7955 1569 8737 1619 bereitung der Berathung zu überweiſen.
8056 1611 9346 1665 Da hier der Fall des §. 29 eben dieſes Reglements eintritt, ſo
7956 1661 9343 1715 bitte ich Eure Königl. Majeſtät allerunterthänigſt: über den entſtan⸗
7955 1714 8935 1763 denen Zweifel Allergnädigſt entſcheiden zu wollen.
8062 1755 9346 1810 Sollten Allerhöchſtdieſelben geruhen, meine Anſicht für die
7955 1804 9343 1859 richtige zu erklären, ſo bitte ich aber um die ganz beſondere
7956 1852 9342 1907 Gnade, Allergnädigſt geſtatten zu wollen, daß der oben gedachte An⸗
7956 1900 9340 1955 trag, der eine Provinz betrifft, welcher wir alle das lebhafteſte In⸗
7956 1948 9342 2002 tereſſe widmen, doch ausnahmsweiſe ein Gegenſtand der Berathung
7956 2002 8775 2051 des verſammelten Landtags werden dürfe.
8311 2068 8968 2118 In tiefſter Ehrfurcht erſterbe ich
8410 2118 8867 2166 Eurer Königl. Majeſtät
8629 2159 9340 2212 allerunterthänigſt treu gehorſamſter
8056 2215 8576 2260 Berlin, den 5. Mai 1847.
8051 2279 9343 2329 (Viele Mitglieder der erwähnten Provinz erheben ſich zum
7955 2331 8736 2378 Zeichen des Dankes von ihren Sitzen.)
8062 2392 9346 2446 Es ſind noch einige Abänderungen in den Abtheilungen noth⸗
7957 2441 9347 2496 wendig geworden. Der Herr Vorſitzende der 6ten Abtheilung hat
7959 2489 9347 2543 mich erſucht, ihm ein Mitglied zuzuweiſen, welches in den Bergwerks⸗
7958 2535 9347 2591 angelegenheiten erfahren ſei. Der Herr Abgeordnete Steinbeck be⸗
7962 2583 9350 2638 findet ſich zwar ſchon in einer anderen Abtheilung, er will aber die
7960 2633 9348 2685 Güte haben, das Referat in dieſer Angelegenheit zu übernehmen.
7961 2678 9349 2734 Ich erſuche ihn alſo, für dieſen Zweck der 6ten Abtheilung noch
7960 2726 9352 2779 beizutreten. Der Herr Abgeordnete Graf Dohna hat erklärt, durch
7962 2772 9354 2826 anderweite wichtige Geſchäfte abgehalten zu ſein, ſeinen Verpflichtun⸗
7966 2821 9355 2874 gen in der 8ten Abtheilung vollſtändig zu genügen, und wünſcht des⸗
7966 2866 9361 2918 halb, aus derſelben zu treten. Ich ernenne an ſeiner Stelle den
7969 2910 9362 2961 Herrn Abgeordneten von Arnim⸗Koppershagen und bitte denſelben,
7971 2960 8603 3005 der 8ten Abtheilung beizutreten.
8076 3005 9365 3054 Es kommen folgende und zwar die letzten eingegangenen Anträge
7977 3053 8300 3099 zur Vertheilung:
8446 3122 8878 3169 Verzeichniß
7981 3189 9361 3238 der in der Sitzung vom 6. Mai 1847 den verſchiedenen
8073 3239 9267 3287 Abtheilungen überwieſenen Petitions⸗Anträge.
8031 3307 9083 3354 Antrag des Abgordneten von Puttkammer auf
8132 3354 9073 3402 Sicherheits⸗Maßregeln zur Vorbeugung tumul⸗
8127 3402 9068 3449 tuariſcher, mit Verletzungen des Eigenthums ver⸗
8125 3448 8475 3496 bundener Aufläufe
9083 3446 9345 3493 8. Abtheilung
8023 3495 9063 3544 Antrag deſſelben wegen vollſtändiger Berathung des
8121 3542 8724 3590 Patents vom 3. Februar d. J.
9071 3538 9261 3583 4. »
8019 3588 9058 3637 Antrag des Abgeordneten Bieſing wegen der über⸗
8121 3635 9057 3684 hand nehmenden Waaren⸗Auctionen in Städten
8117 3684 8504 3731 und auf dem Lande
9074 3684 9264 3724 6. »
8018 3730 9052 3781 Antrag des Abgeordneten Dorenberg auf Erlaß
8118 3778 9051 3827 eines Geſetzes wegen Abſchaffung des Differenz⸗
8113 3826 8266 3875 Handels
9066 3825 9251 3865 6. »
8018 3873 9054 3925 Antrag des Abgeordneten Raſch auf beſchränkende
8114 3920 9052 3973 Vorſchriften gegen das ſchädliche Differenzſpiel
8114 3971 8654 4019 im Getraide und dergleichen
9070 3963 9238 4015 6. »
8012 4016 9046 4069 Antrag des Abgeordneten Grabow auf eine zweck⸗
8111 4064 9045 4116 mäßigere Vertretung der Stadt⸗ und Landge⸗
8110 4110 9049 4161 meinden und die Abſtimmung nach Kurien auf
8109 4164 8389 4211 den Kreistagen
9064 4153 9238 4209 4. »
8008 4207 9046 4258 Antrag deſſelben auf Anerkennung der den Ständen
8106 4255 9044 4306 geſetzlich zuſtändigen in den Allerhöchſten Paten⸗
8107 4303 9042 4352 ten und Verordnungen vom 3. Februar c. un⸗
8103 4352 8709 4400 berückſichtigt gebliebenen Rechte
9063 4340 9238 4405 4. »
8003 4398 9046 4448 Antrag des Abgeordneten Bergenthal wegen Auf⸗
8102 4444 9025 4495 hebung der Beſchränkung der Fabrik⸗Geſchäfte
9067 4446 9250 4486 6. »
8002 4494 9050 4542 Antrag des Abgeordneten Heinrich auf Erhöhung
8101 4541 9067 4592 des Eingangs⸗Zolles für geſchnittene Fourniere
9067 4543 9240 4583 6. »
8003 4589 9052 4638 Antrag deſſelben wegen Aufhebung der die Preſſe be⸗
8103 4631 8855 4687 ſchränkenden geſetzlichen Beſtimmungen
9073 4638 9240 4676 5. »
8000 4685 9056 4734 Antrag des Abgeordneten Stattmiller anf Sicher⸗
8103 4733 9060 4783 ſtellung der perſönlichen Freiheit durch ein Geſetz
8102 4781 9059 4831 nach den Prinzipien der engliſchen Habeas⸗Cor⸗
8103 4832 8272 4877 pus⸗Akte
9079 4827 9251 4868 5. »
8003 4877 9061 4930 Antrag des Abgeordneten Weiſe auf Aufhebung der
8106 4926 9063 4975 geheimen Konduiten⸗Liſten im Civil⸗ und Mili⸗
8107 4976 8268 5024 tairdienſt
9078 4970 9254 5020 8. »
8007 5023 9061 5073 Antrag der Abgeordneten Weiſe und Stattmil⸗
8111 5072 9061 5120 ler auf Aufhebung der Patrimonialgerichte und
8111 5120 8693 5168 des eximirten Gerichtsſtandes
9080 5113 9254 5158 5. »
8011 5168 9060 5218 Antrag des Abgeordneten Berger auf Errichtung
8114 5217 9067 5265 einer Gewerken⸗Kammer nach Art der Handels⸗
8115 5270 8280 5304 Kammer
9072 5259 9234 5294 6. »
8014 5309 9050 5363 Antrag des Abgeordneten Hayn auf genaue Decla⸗
8117 5356 9045 5410 ration reſp. Interpretation aller die Staats⸗
8117 5402 9053 5460 Verfaſſung berührenden Geſetze und Verordnun⸗
8120 5445 9054 5507 gen auf Grund der Geſetzgebung von 1807 bis
8121 5511 8223 5546 1812
9061 5484 9228 5533 4. »
8019 5539 9040 5605 Antrag des Abgeordneten Bardeleben auf freie
8120 5595 8699 5653 Ausübung des Petitionsrechts
9054 5575 9232 5640 4. »
8019 5632 9040 5701 Antrag des Abgeordneten Minderjahn auf Mo⸗
8121 5678 9042 5750 dification der geſetzlichen Beſtimmung, die Ver⸗
8121 5730 9043 5797 wendung disponibler Fonds öffentlicher Anſtalten
8122 5777 9027 5843 zum Ankauf von Staatsſchuldſcheinen betreffend.
9061 5768 9240 5825 7. »
8021 5824 9047 5891 Antrag des Abgeordneten Grunau auf Regulirung
8121 5882 8482 5936 des Zolls auf Reis
9065 5863 9250 5923 6. »
8021 5921 9048 5986 Antrag des Abgeordneten von Borries auf Auf⸗
8114 5969 9048 6032 hebung des Eingangs⸗ und die Einführung eines
8116 6019 8593 6082 Ausfuhr⸗Zolles auf Hede
9066 6010 9247 6067 6. »
