9640 6584
2959 434 3030 517 8
1073 553 2946 629 punkte zu Studien über die Bauſtyle und baulichen Einrich⸗
1077 618 2949 696 tungen der verſchiedenen Perioden, in welchen die betreffenden
1075 684 2947 759 Häuſer — nach der Benennung zu urtheilen — entſtanden ſind.
1077 749 2941 823 Wie tief die Sitte der Hauszeichen und ⸗Namen in Breslau
1078 815 2941 893 eingewurzelt war, ergiebt ſich ſchließlich daraus, daß ſelbſt ein⸗
1075 881 2952 957 zelne Verkaufsſtätten, die ſich in Menge neben einander be⸗
1074 947 2944 1022 fanden, auf dieſe Weiſe kenntlich gemacht wurden. So führte
1071 1012 2967 1087 z. B. jede der 40 Tuchkammern in dem früheren Tuchhauſe
1072 1079 2948 1145 eine beſondere Benennung: »Grüne Weinlaube«, »Elephant«,
1072 1144 2947 1211 »Goldener Wolf« u. ſ. f., Namen, die zum Theil auf die an
1068 1211 2946 1279 Stelle des Tuchhauſes aufgeführten Häuſer übergegangen ſind.
1331 1417 2677 1484 Der Krieg und die deutſche Bühne. I.
1196 1511 2945 1580 Abſichtlich oder unabſichtlich iſt die Bühne jederzeit ein
1061 1578 2947 1646 Ausdruck der Sitten ihres Zeitalters geweſen. Wenn aber
1059 1644 2951 1719 durch eine Nation eine große gemeinſame Bewegung gegangen,
1061 1709 2945 1779 iſt die Bühne wohl niemals unberührt geblieben, obſchon die
1058 1776 2944 1846 Stimmung des Augenblicks nur ſelten in bleibenden Wer⸗
1057 1842 2944 1912 ken ein dramatiſches Denkmal gefunden. Ein nationa⸗
1057 1908 2943 1977 ler Krieg, wie der gegenwärtige Deutſchlands, welcher
1058 1974 2942 2044 mit ſeinen Anſtrengungen und Opfern jedes Privatleben
1063 2039 2941 2110 erreicht, andererſeits durch das Bewußtſein des höchſten Lebens⸗
1056 2106 2940 2176 zieles alle Gemüther vereinigt, nöthigt die Bühne, die Wechſel⸗
1059 2172 2938 2244 wirkung mit dem überall herrſchenden Gefühl herbeizuführen.
1063 2238 2937 2310 So ſehen wir denn faſt alle Theater Deutſchlands bemüht in
1064 2304 2939 2376 der Aufführung patriotiſcher Stücke. Die Aufgabe der Bühne
1056 2369 2937 2442 iſt nicht leicht, in ſolcher Zeit den bedeutenden Gehalt, welchen
1058 2436 2936 2509 die Gemüther zu empfangen wünſchen, in würdiger und
1058 2502 2936 2575 ergreifender Ausprägung darzubieten. Denn keine Literatur iſt
1055 2569 2935 2637 reich an dramatiſchen Schöpfungen, welche das Nationalleben in
1056 2634 2937 2708 ſeiner höchſten gemeinſamen Aeußerung erfolgreich behandeln.
1057 2700 2937 2774 Hiſtoriker und Kritiker haben dieſen Mangel in der deutſchen
1054 2768 2936 2839 Literatur vorzugsweiſe finden wollen, und die Urſache davon
1056 2833 2935 2908 in der langjährigen Zerriſſenheit der deutſchen Nation geſucht.
1059 2898 2937 2975 Die Stoffe, welche das preußiſche Staats⸗ und Volksleben der
1061 2965 2936 3037 dramatiſchen Behandlung bis jetzt geboten, haben wir in Nr. 12
1059 3030 2130 3102 d. Bl. überſichtlich zuſammengeſtellt.
1191 3097 2934 3173 Stoffe aus dem Staatsleben, welche nicht der preußiſchen
1069 3162 2936 3240 Geſchichte entnommen ſind, hat das deutſche Drama vorzugs⸗
1062 3228 2937 3304 weiſe aus der älteren Kaiſer⸗Epoche geſchöpft. Doch ſtellt die
1060 3294 2935 3369 Fremdartigkeit der zu behandelnden Zuſtände, noch mehr aber
1063 3361 2934 3434 der undramatiſche, epiſche Charakter der Begebenheiten dem
1068 3425 2867 3498 Erfolg Schwierigkeiten entgegen, die unüberwindlich ſcheinen.
1194 3492 2932 3570 Dem Bedürfniß, die gehobene und nationale Stimmung
1059 3557 2931 3631 durch verwandte Darbietungen zu befriedigen, hat vor Allem
1061 3622 2930 3698 die Königliche Bühne zu Berlin auf dem Felde der Oper wie
1055 3687 1865 3755 des Schauſpiels entſprochen.
1187 3753 2929 3829 In Meyerbeer's »Ein Feldlager in Schleſien«, komponirt
1054 3819 2928 3900 zur Einweihung des nach dem Brande von 1843 wiederherge⸗
1050 3885 2927 3965 ſtellten Opernhauſes, beſitzt die deutſche Oper vielleicht das einzige
1044 3950 2925 4030 im Opernſtyl gehaltene Werk, welches patriotiſche Empfindun⸗
1044 4019 2924 4099 gen unmittelbar zum Gegenſtand nimmt. Häufiger ſind Sing⸗
1039 4082 2921 4160 ſpiele und melodramatiſche Schauſpiele patriotiſchen Charakters.
1040 4149 2922 4229 Den erhabenſten muſikaliſchen Ausdruck hat nationaler Helden⸗
1038 4215 2926 4296 muth, Schmerz und Siegesfreude in Händels Oratorien gefun⸗
1038 4280 2915 4356 den, und wenn wir als die Träger Volk und Helden des alten
1035 4345 2913 4426 Teſtaments auftreten ſehen, ſo iſt es doch deutſches Leben, wel⸗
1035 4412 2856 4499 ches der deutſche Tonmeiſter ſeinen Geſtalten eingehaucht hat.
1168 4478 2914 4557 Im rezitirenden Drama hat die Königliche Bühne drei
1032 4543 2914 4624 Werke patriotiſchen Charakters in den letzten Wochen zur Dar⸗
1032 4609 2911 4687 ſtellung gebracht: Schillers Wilhelm Tell, Leſſings Minna von
1029 4676 2910 4761 Barnhelm und das Werk eines lebenden Dichters, welches
1031 4742 2910 4828 einen Stoff aus der preußiſchen Geſchichte behandelt: Colberg,
1031 4808 1537 4876 von Paul Heyſe.
1165 4873 2908 4957 Gehen wir nun näher auf die nationale Bedeutung dieſer
1023 4939 1403 4997 Dramen ein.
1147 5007 2904 5083 Schiller's »Wilhelm Tell« gehört dem Stoff nach der
1025 5071 2903 5144 ſchweizer Geſchichte und Sage an. Ton und Farbe des Stückes
1025 5136 2898 5212 ſind der ſchweizeriſchen Landſchaft und ihren Sitten entnommen.
1026 5202 2899 5279 Die Handlung bewegt ſich um die Losreißung eines Gliedes
1024 5269 2897 5341 vom ehemaligen deutſchen Reiche. Scheinbar einen kleinen und
1022 5335 2896 5414 abgeſonderten Zweig der deutſchen Nation feiernd, iſt dieſe
1021 5401 2894 5478 Dichtung dennoch, wie keine andere, als der dramatiſche Aus⸗
1019 5466 2892 5549 druck des deutſchen Nationalgefühls bei ihrem Erſcheinen auf⸗
1016 5538 2889 5616 genommen worden, und hat von ihrer patriotiſchen Wirkung
1018 5598 2891 5679 bis auf den heutigen Tag nichts eingebüßt. Faſt in jeder
1017 5664 2887 5741 deutſchen Stadt, wo ein Theater iſt, geht in dieſen Tagen des
1013 5728 2883 5812 Aufſchwunges Wilhelm Tell über die Bühne als das würdigſte
1016 5794 2885 5874 Bild, in welchem das Hochgefühl deutſcher Hingebung an das
1017 5857 2885 5940 Vaterland durch die Hülle einer fremden Zeit und Land⸗
1012 5922 1989 5992 ſchaft hindurch ſich wiedererkennt.
1149 5988 2879 6073 Es iſt gewiß nicht die bloße Tendenz der Verherrlichung
1015 6054 2881 6132 des Patriotismus, welche dem Stück inmitten einer tief und
3045 553 4844 654 reich gebildeten Nation, wie die deutſche, eine ſo bevorzugte
3042 619 4845 711 Wirkſamkeit anweiſt. Vielmehr ruft jede bewegte Zeit Bühnen⸗
3043 685 4843 779 erzeugniſſe hervor, in welchen die Begebenheiten des Tages, wenn
3039 751 4845 856 nicht poetiſch bewältigt, doch theatraliſch mehr oder minder glücklich
3042 818 4842 908 berührt werden. Der dankbare Stoff verſchafft ſolchen Stücken
3039 883 4843 975 eine augenblickliche Gunſt. Sobald die unmittelbare Gewalt
3038 949 4847 1047 des Stoffes aufhört, verſchwinden ſie. Wenn ein Drama, das,
3037 1015 4848 1103 vor 66 Jahren entſtanden, eine Begebenheit des 14. Jahrhun⸗
3037 1082 4840 1169 derts auf fremdem Boden zum Gegenſtand hat, uns noch heute
3035 1147 4839 1240 als die edelſte Verkörperung des Nationalgefühls anſpricht, ſo
3033 1214 4839 1299 kann dies nicht an Stoff und Tendenz allein, es muß an dem
3036 1281 3840 1349 Werth der Dichtung liegen.
3164 1360 4838 1450 Der Dichter ſchildert eine Erhebung, deren unterſcheidender
3039 1424 4840 1513 Grundzug nicht nur mit künſtleriſcher Kraft veranſchau⸗
3039 1490 4838 1582 licht, ſondern überdies ganz in das Element deutſcher
3037 1555 4837 1651 Sinnesart getaucht iſt. Die Erhebung tritt uns entgegen
3038 1624 4838 1710 als Nothwehr gegen ein frevelhaftes Bedrängniß, als
3037 1688 4842 1784 Vertreibung herausfordernden Uebermuthes, der an Beſitz
3035 1757 4836 1856 und Familie der Unterdrückten muthwillig grauſam ſich
3035 1823 4837 1916 vergreift. Die Unterdrückten ſind kernhafte, muthige
3034 1888 4837 1972 Menſchen, im Kampfe mit gefährlichen Naturgewalten an
3033 1956 4835 2049 Wagniß und Todesverachtung gewöhnt. Aber ſie ſind ſchwach
3033 2021 4836 2105 durch ihre Vereinzelung, ſie kennen den Staat nur als eine
3036 2087 4836 2170 Gewalt, die ihnen durch fremde Herrſcher kommt, nicht als
3031 2153 4835 2238 ihren eigenen Schutz. Der Gedanke, durch Einigung den eigenen
3031 2219 4834 2299 Staat hervorzubringen, drängt ihnen erſt die fremde Gewalt⸗
3031 2285 3382 2351 ſamkeit auf.
3163 2366 4833 2453 Wie viel Berührungspunkte liegen hiermit im deutſchen
3030 2432 4832 2520 Gefühl! Das deutſche Volk hat zu allen Zeiten am meiſten
3031 2499 4832 2579 begehrt, ſich mit gemüthvollem Ernſt in die Tagesarbeit des
3031 2565 4832 2650 friedlichen Lebens zu verſenken, ſei der Ertrag auch noch ſo be⸗
3030 2631 4831 2711 ſcheiden, die Arbeit auch noch ſo gefahrvoll. Nur fremde Ge⸗
3031 2698 4830 2778 waltſamkeit regt den deutſchen Sinn zur Abwehr auf. Und in
3030 2764 4829 2848 dieſer Abwehr tritt ſtets das Gottvertrauen zu Tage, welches
3037 2832 4829 2917 bereit iſt, aus Gottes Hand Gefahr und Untergang hin⸗
3027 2898 4829 2983 zunehmen, um Schmach und Grauſamkeit von Menſchen⸗
3029 2965 4828 3046 hand nicht zu dulden. Dieſer Sinn athmet aus
3028 3029 4827 3118 jeder Zeile der Schiller'ſchen Dichtung: »Es kann der Frömmſte
3028 3096 4828 3183 nicht in Frieden bleiben, wenn es dem böſen Nachbar nicht ge⸗
3026 3162 4826 3244 fällt. « — »Wir wollen trauen auf den höchſten Gott und uns
3028 3229 4824 3306 nicht fürchten vor der Macht der Menſchen. « — »Wäre ein
3025 3294 4824 3384 Obmann zwiſchen uns, ſo möchte Recht entſcheiden und Geſetz;
3027 3360 4822 3445 ſo muß Gott uns helfen durch unſern Arm. « Auch
3027 3426 4822 3512 das iſt deutſche Sinnesart, jedes ſolche Unternehmen
3025 3492 4823 3583 nicht blos auf die innere Güte der Sache, ſondern wo⸗
3030 3558 4823 3639 möglich auf hiſtoriſches Recht und ehrwürdige Ueberlieferung
3022 3624 4821 3706 zu ſtellen. Auch dieſen Zug breitet die Dichtung lebendig und
3021 3691 4822 3773 gewinnend vor uns aus. Die deutſche Natur ſchätzt den un⸗
3022 3755 4823 3836 lebendigen Beſitz nicht blos um des Gewinnes und Genuſſes
3020 3822 4822 3912 willen, ſondern widmet ſelbſt den Sachen eine gemüthvolle
3017 3887 4823 3968 Hingabe. Dennoch weiß ſie, wo ſie in der Würdigkeit und Rein⸗
3018 3954 4821 4035 heit ihres Lebens ſich bedroht ſieht, auch das theuerſte irdiſche
3016 4021 4823 4101 Gut entſchloſſen zu opfern. »Wüßt' ich mein Herz an
3014 4087 4823 4168 zeitlich Gut gefeſſelt, den Brand würf' ich hinein mit
3014 4153 4823 4235 eigner Hand« — dieſes Wort legt der Dichter einer
3002 4218 4823 4297 Frau in den Mund, deren Tagewerk die treue
3010 4285 4823 4363 häusliche Sorge iſt. Alle Lebensverhältniſſe erſcheinen in pa⸗
3008 4351 4822 4435 triarchaliſcher Reinheit und Einfachheit. Gerade dieſer Kontraſt
3009 4418 4821 4496 einer friedlich einfachen, der Schätze ihres Gemüthes ſich kaum
3009 4485 4822 4575 bewußten Exiſtenz, mit Gewaltthat und Mißhandlung, macht
3006 4549 4822 4633 die Dichtung für die deutſche Empfindung ſo anziehend.
3004 4616 4823 4698 Jede deutſche Nationalerhebung weiſt dieſelben Züge auf,
3005 4683 4821 4761 welche die Dichtung zum geſammelten und reinen Aus⸗
3005 4749 4821 4835 druck bringt. Lange fortdauernde Gewaltthat und Mißhand⸗
3003 4815 4822 4901 lung rief 1813 das Volk unter die Waffen, und ſelbſt gegenwärtig,
3002 4882 4819 4959 wo wir ſtark und geachtet in Europa daſtanden, haben wir
3001 4946 4825 5027 doch in Friedensliebe Jahre lang Alles gethan, den böſen Nach⸗
3000 5013 4828 5091 bar nicht zu reizen. Was wir heute thun in dem größten
2997 5076 4824 5163 Kriege eines halben Jahrhunderts, ſind Thaten der Nothwehr;
2995 5140 4817 5223 die Ziele, die wir uns ſtecken, ſind Mittel der Abwehr. Selten
2994 5210 4818 5289 oder niemals ſteckt das deutſche Volk ſich Zwecke, welche auf
2991 5275 4815 5356 Koſten Anderer ſeine Exiſtenz erhöhen. Nur ſich vertheidigend
2995 5342 3485 5409 wird es wachſen.
3122 5423 4815 5496 Das andere Element der Dichtung, welches den deutſchen
2985 5485 4816 5567 Sinn tief angeſprochen hat, iſt die Einigung loſe verbundener
2985 5551 4816 5627 Gemeinden zu einem ſtarken Ganzen, die Ueberwindung klein⸗
2982 5617 4816 5699 lichen Haders im Angeſichte einer großen Gefahr. »Er iſt mein
2982 5684 4815 5764 Widerpart, der um ein altes Erbſtück mit mir richtet. Wir
2979 5746 4816 5826 ſind Feinde vor Gericht, hier ſind wir einig. « Seit Schillers
2982 5805 4815 5888 Dichtung die Bühne betreten, hat das deutſche Volk ſich die
2980 5880 4818 5953 Worte ſehnſuchtsvoll in's Herz geſchrieben: »Wir wollen ſein
2981 5943 4822 6021 ein einig Volk von Brüdern, in keiner Noth uns trennen und
2985 6010 4816 6087 Gefahr. « Sechs und ſechzig Jahre hindurch iſt die Mahnung
2986 6078 4622 6153 gehört worden, heute iſt das Wort des Dichters erfüllt.
5738 627 7649 784 Königlich Preußiſcher
4916 1014 6234 1429 Staats-
7184 972 8553 1465 Anzeiger.
4935 625 5499 720 Abonnement beträgt 1 Thlr.
4980 704 5319 769 für das Vierteljahr.
4914 763 5501 853 erlionspreis für den Raum einer
4981 827 5335 895 Druckzeile 2 ½ Sgr.
7871 622 8606 670 Alle Poſt-Anſtalten des In⸗ und
7868 665 8606 709 Auslandes nehmen Beſtellung an,
7868 707 8604 753 für Berlin die Expedition des Königl.
7934 751 8537 798 Preußiſchen Staats-Anzeigers:
7999 807 8472 854 Zieten⸗Platz Nr. 3.
4898 1737 5284 1902 No 244.
5374 1747 8007 1857 Berlin, Sonnabend den 3. September Morgens (Zweite Ausgabe)
8328 1747 8593 1845 1870.
5207 2125 8175 2464 Offizielle militäriſche Nachricht.
5652 2459 7755 2766 Der Königin Auguſta in Berlin.
5467 2823 8358 2930 Vor Sedan, den 2. September ½ 2 Uhr Nachmittags.
5043 2989 8582 3154 Die Kapitulation, wodurch die ganze Armee in Sedan kriegsgefangen,
4876 3168 8604 3331 iſt ſoeben mit dem General Wimpfen geſchloſſen, der an Stelle des verwun⸗
4876 3344 8610 3517 deten Marſchall Mac Mahon das Kommando führte. Der Kaiſer hat nur
4871 3504 8608 3683 ſich ſelbſt Mir ergeben, da er das Kommando nicht führt und Alles der
4867 3704 6333 3873 Regentſchaft in Paris überläßt.
5062 3873 8609 4022 Seinen Aufenthaltsort werde Ich beſtimmen, nachdem Ich ihn geſprochen
4869 4050 8609 4228 habe in einem Rendezvous, das ſofort ſtattfindet. Welch eine Wendung durch
4870 4246 5640 4398 Gottes Führung!
7327 4525 8321 4782 Wilhelm.
7017 5748 8108 5806 Redaction und Rendantur: Schwieger.
6638 5829 8499 5900 Berlin, Druck und Verlag der Königlichen Geheimen Ober⸗Hofbuchdruckerei
7376 5899 7755 5952 (R. v. Decker).
