10736 7536
3091 1179 3186 1263 4
1196 1300 3102 1392 vorderberge, deſſen Name ſpäter nach einer geiſtlichen Stiftung
1198 1367 3106 1455 in den der Clus übergegangen iſt, fand eine dreitägige Schlacht
1199 1432 3106 1533 ſtatt, nach deren Verluſt Wittekind ſich unterwarf. »Des Irr⸗
1204 1503 3104 1597 thums ledig aber kam Wittekind gläubig und reumüthig von
1202 1569 3110 1663 ſelbſt zur Erkenntniß der Wahrheit, und wie er vordem ein er⸗
1205 1634 3108 1729 bitterter Feind und Vernichter der Kirche geweſen, ſo erſchien
1207 1702 3109 1790 er nunmehr als der chriſtlichſte Verehrer der Kirche und Gottes,
1204 1770 3107 1866 dergeſtalt, daß er voll thätigen Eifers ſelbſt verſchiedene Zellen
1206 1837 3108 1932 errichtete und mit gar vielen heiligen Reliquien ſowohl, wie
1205 1904 3107 1994 mit der übrigen Geräthſchaft verſorgte. Noch heutzutage be⸗
1205 1970 3106 2066 ſteht, vielen wohlbekannt, eine derſelben, die Engerſche, und
1207 2037 3107 2128 enthält manches von der eben erwähnten Ausſtattung.« So
1205 2103 3107 2200 erzählt der alte Biograph der Königin Mathilde († 14. März
1204 2172 3109 2267 968), der Tochter des Grafen Dietrich aus Wittekind'ſchem
1207 2244 2536 2324 Stamme und Gemahlin König Heinrichs I.
1344 2305 3111 2398 Sehr zahlreich ſind die Sagen, die über die beiden National⸗
1208 2372 3112 2472 helden im Volke ſich lebendig erhalten haben. Adalbert Kuhn
1206 2440 3113 2535 in ſeinen Sagen, Gebräuchen und Märchen aus Weſtfalen und
1209 2506 3119 2600 der hiſtoriſche Verein zu Osnabrück haben einen großen Theil
1211 2575 3117 2665 derſelben geſammelt, beſonders über den hier volksthümlicheren
1209 2643 3118 2728 Wittekind. Als dieſer ein Chriſt geworden war und Frieden
1209 2710 3117 2803 hatte im Lande umher, da beſchloß er auszuruhen von den
1208 2777 3117 2869 Mühſeligkeiten und Kriegszügen und ſich einen Königsſitz zu er⸗
1210 2840 3121 2936 wählen, wo er beſtändig bliebe und die Freunde um ſich her
1212 2910 3121 3001 verſammelte. Drei Orte waren ihm beſonders lieb: die
1209 2976 3121 3075 Höhe von Bünde, der Werder von Rehme und das
1215 3044 3125 3140 fruchtbare, weidenreiche, rings von Hügeln umſchloſſene An⸗
1211 3111 3124 3207 gerthal. Da ſprach er: welcher dieſer Orte zuerſt ſeine Kirche
1211 3178 3123 3273 fertig hätte, an dem wollte er wohnen. Alle drei bauten eifrig
1215 3248 3127 3340 fort, Tag und Nacht und wie es die Werkleute nur vermochten,
1214 3314 3124 3400 und wer weiß, weß der Sieg geworden wäre, hätte nicht der
1214 3379 3125 3469 Baumeiſter im Thale durch eine Liſt ſeiner Kirche den Sieg
1216 3446 3125 3540 verſchafft. Buchſtäblich hielt er ſich an des Königs Wort und
1222 3514 3128 3611 baute die Kirche ohne Thurm. Somit erhielt das Angerthal
1220 3582 3128 3673 den Preis, der Königsſitz ward ihm zu Theil. Noch wird zu
1219 3648 3129 3744 Enger die Stelle gezeigt, wo die Burg geſtanden, und ſelbſt
1218 3717 3130 3807 von einzelnen Theilen derſelben haben Namen und andere
1218 3784 3131 3874 Erinnerungen noch heutigen Tags die Lage aufbewahrt. Der
1221 3850 3132 3940 alte Burggraben, der Küchengarten an der Burg, die
1221 3919 3133 4013 Pferdeſchwemmen in der Bornwieſe haben noch immer
1217 3984 3135 4065 die alte Benennung. Ebenſo iſt es mit dem Hühnerhofe.
1222 4051 3140 4137 Bei dem neuen hölzernen Hauſe, welches jetzt an der Stelle ſteht,
1220 4119 3137 4206 aber noch immer jenen alten Namen trägt, erinnern auch
1223 4184 3138 4275 Ueberreſte verwitterter Mauern an die Zeit des gefeierten Königs.
1349 4333 3019 4424 Das Königliche Schauſpiel während der ver⸗
1755 4405 2601 4487 floſſenen drei Monate.
1351 4470 3136 4559 Wie ſeit dem Ausbruche des Krieges iſt auch in deſſen
1224 4541 3138 4630 letzter Periode die Königliche General⸗Intendanz den patrio⸗
1224 4605 3138 4696 tiſchen Stimmungen entgegengekommen, von denen das
1225 4672 3137 4766 Publikum in dieſer großen Zeit ſich ergriffen fühlte. So
1224 4740 3139 4833 behauptete ſich denn Heigels effektvolle Scene »Des Kriegers
1223 4809 3140 4902 Frau« auch in den letzten Monaten, und das am 21. Dezem⸗
1227 4875 3143 4967 ber, kurz vor Weihnachten, aufgeführte Genrebild »Landwehr⸗
1227 4941 3144 5028 manns Chriſtfeſt« von Benedix, welches eine der Jetztzeit
1231 5009 3145 5094 entnommene Familienſcene ſchildert, machte, ohne äußere Mittel,
1229 5076 3141 5164 durch die rührende Einfachheit des Grundgedankens einen gün⸗
1228 5145 3142 5237 ſtigen Eindruck. Mit lebhafter Theilnahme ſah man der am
1231 5211 3144 5301 10. Januar erfolgten erſten Darſtellung des Luſtſpiels »Der
1232 5278 3144 5368 Gefangene von Metz« von Gutzkow entgegen, und es gereicht
1236 5344 3145 5435 der Intendanz der Königlichen Bühne zum Verdienſt, daß ſie
1240 5411 3145 5501 dieſem neueſten Werke des Dichters eingehende Sorgfalt
1239 5484 2504 5568 bei der Inſcenirung zu Theil werden ließ.
1372 5540 3145 5633 Auf dem Gebiet des ernſten Dramas kamen von Shake⸗
1236 5615 3147 5703 ſpeare »Hamlet« und »König Lear« zur Darſtellung; von
1238 5682 3148 5766 Schiller wurden »Don Carlos« und »Kabale und Liebe« ge⸗
1228 5746 3147 5841 geben. Auch Goethe's gewaltiger »Fauſt« fehlte nicht. Eben
1227 5815 3147 5908 ſo ging Leſſings »Nathan der Weiſe« über die Scene. Von
1235 5881 3149 5962 neueren Dichtern waren vertreten Laube mit »Graf Eſſex«, Brach⸗
1227 5949 3151 6042 vogel mit »Narziß« und Wilbrandt mit »Der Graf von Hammer⸗
1236 6017 3161 6097 ſtein«. Zum erſten Male dargeſtellt wurde »Iſabella Orſini« von
1238 6083 3153 6181 S. H. Moſenthal. Der Stoff zu dieſem Trauerſpiele iſt der
1233 6151 3151 6242 farbenprächtigen, an leidenſchaftlichen und tragiſchen Momenten
1236 6217 3154 6304 reichen Geſchichte des Hauſes der Mediceer entnommen, und der
1237 6286 3151 6370 Dichter hat es verſtanden, darin manche effektvolle und
1240 6349 3152 6438 charakteriſtiſche Züge hervortreten zu laſſen. Seit dem 25. No⸗
1241 6417 3151 6499 vember, an welchem das Stück zuerſt gegeben wurde, hat es
1241 6494 2121 6575 zwölf Wiederholungen erlebt.
1378 6549 3151 6634 Beſondere Erwartungen knüpften ſich an die erſte Auffüh⸗
1241 6619 3154 6705 rung des Trauerſpiels »Die Gräfin«, von Kruſe, welches be⸗
1241 6689 3155 6767 reits vor längerer Zeit im Druck erſchienen und von der ge⸗
1241 6748 3156 6843 ſammten Kritik beifällig begrüßt worden war. »Es iſt ein deutſcher
1241 6817 3157 6905 Stoff aus Oſtfriesland«, ſagt Guſtav Freytag in einer aus⸗
1241 6886 3157 6974 führlichen Beſprechung des Dramas, »einer Landſchaft, deren
1243 6951 3156 7044 eigenthümliche Vergangenheit noch wenig von unſeren ſtoff⸗
3200 1273 5105 1356 ſuchenden Poeten ausgebeutet iſt, die Zeit: Ende des funfzehnten
3198 1342 5104 1429 Jahrhunderts, die Periode, in welcher die Charaktere der Menſchen
3201 1410 5106 1486 aus der alten epiſchen Starrheit herauswachſen und in ihrer
3200 1477 5104 1560 Empfindungsweiſe uns Modernen leichter verſtändlich wer⸗
3203 1541 5105 1627 den.« In dieſen letzten Worten iſt das Verdienſt des Dichters
3203 1608 5109 1696 genau charakteriſirt und zugleich in richtiger Vorausſicht der
3203 1676 5107 1757 Grund bezeichnet, welcher die Bühnenwirkung beeinträchtigen
3202 1740 5105 1828 mußte. Wie eine Geſtalt der nordiſchen Sage, von unnahbarer,
3203 1810 5108 1898 eiſiger Strenge, erſcheint Gräfin Theda, und die Thräne, welche
3202 1878 5107 1964 ihr wider Willen am Schluſſe des Stückes entfließt, mahnt an
3202 1942 5108 2029 den erſten Hauch des Frühlings, der die ſtarren Feſſeln des
3199 2010 5106 2090 Winters bricht. Mit Sicherheit hat die Hand des Dich⸗
3203 2078 5103 2160 ters dieſen eigenthümlichen Uebergang durchgeführt; die Per⸗
3200 2145 5105 2230 ſonen, welche ſich um Theda gruppiren, kämpfen vergeblich gegen
3201 2213 5112 2296 ihre unbeugſame Starrheit an und erliegen derſelben, aber
3205 2276 5110 2360 damit iſt auch die Macht Theda's gebrochen, und es bleibt für
3211 2345 5113 2426 die Bühnenwirkung nur zu bedauern, daß das verſöhnende
3210 2413 5112 2494 Element, der Anbruch einer neuen milderen Periode, nicht deut⸗
3209 2481 5108 2562 licher dem Zuſchauer vor Augen tritt. Wie günſtig waren
3212 2545 5113 2627 dabei die Verhältniſſe, unter denen dies Drama an der König⸗
3208 2613 5115 2695 lichen Bühne zur Darſtellung gelangte! Die Darſtellerin der
3211 2678 5117 2765 Gräfin, Frau Jachmann, erſchien in der That wie eine
3212 2748 5120 2834 Heroine, die halb der Sage angehört und an die Frauen der
3216 2813 5121 2894 Edda mahnt. Aber leider iſt die Bedeutung dieſer Geſtalt auf der
3214 2880 5121 2966 Bühne weniger augenfällig als bei ruhiger Lektüre, wo die ein⸗
3213 2947 5119 3036 zelnen Momente der Handlung in ihrer grellen Färbung minder
3216 3008 5120 3102 verletzend erſcheinen. Daß die Ordnung in jener wilden Zeit
3217 3079 5120 3166 bei ihren unaufhörlichen Parteikämpfen nur durch eine Hand
3216 3146 5123 3232 von unbeugſamer Strenge aufrecht erhalten werden konnte, begreift
3218 3216 5121 3303 der Zuſchauer ſofort; daß dann aber dieſelbe Hand auch im eigenen
3217 3280 5122 3374 Hauſe in der Ordnung der Familienverhältniſſe mit eiſerner Konſe⸗
3219 3350 5124 3442 quenz verfährt und rückſichtslos das Glück ihrer Kinder zertritt, um
3221 3416 5125 3503 ihrem abſoluten Willen zu fröhnen, vernichtet die Theilnahme
3220 3476 5123 3569 für Theda, weil bei ihr auch nicht der letzte Reſt von weib⸗
3223 3548 5125 3634 licher Empfindung mehr durchſchimmert. Bei der Lektüre
3220 3615 5125 3704 nöthigt uns die Konſequenz in der Durchführung des Charak⸗
3222 3682 5126 3769 ters Achtung ab für den Dichter; ſehen wir die Vorgänge auf
3230 3750 5124 3836 der Bühne, ſo überwiegt das Gefühl des Grauens vor dem
3224 3816 4872 3908 gänzlichen Mangel an weiblicher Milde in der Heldin.
3363 3882 5130 3967 Von Darſtellungen im heiteren Genre begegnen wir
3228 3946 5132 4033 den immer gern geſehenen Shakeſpeare'ſchen Luſtſpielen
3231 4019 5134 4094 »Viel Lärm um Nichts« und »Die bezähmte Widerſpenſtige«,
3231 4084 5134 4164 deren unverwüſtliche Friſche ihnen ihre humoriſtiſche Wir⸗
3229 4151 5134 4240 kung für alle Zeiten ſichert. In mehrfachen Wiederholungen
3233 4216 5133 4307 gab man Guſtav Freytags »Journaliſten«, Töpfers »Roſen⸗
3232 4282 5133 4369 müller und Finke«, Hackländers »Der geheime Agent«. Auch
3230 4349 5134 4438 erfreuten ſich der Roſenſche Schwank »Ein Engel« und das
3228 4415 5135 4506 Luſtſpiel »Spielt nicht mit dem Feuer« von Puttlitz günſtiger Auf⸗
3229 4483 5135 4574 nahme. An kleineren Scherzſpielen erſchienen wiederholt: »Der
3229 4550 5137 4643 Herr Studioſus«, »Der alte Magiſter«, »Immer zu Hauſe«,
3233 4619 5140 4705 »Sie hat ihr Herz entdeckt«; ferner: »Die Eiferſüchtigen«,
3235 4678 5137 4776 »Zwiſchen Thür und Angel«, »Die Dienſtboten«, »Kaudels
3232 4747 5139 4838 Gardinenpredigten« und »Die Unglücklichen«. Spielhagens
3231 4820 5136 4908 Schauſpiel »Hans und Grete« wurde nach der erſten Darſtellung
3231 4886 5140 4979 zu Gunſten der Vereins »Preſſe«, dem Repertoir der Königlichen
3233 4949 5135 5041 Schauſpiele eingereiht und ſeitdem mit Erfolg aufgeführt.
3232 5021 5139 5104 Als neu einſtudirt wurden u. A. Ifflands »Hageſtolzen«
3235 5087 5140 5179 gegeben, die aufs Neue ihre Anziehungskraft bewieſen;
3232 5153 5145 5246 ferner Töpfers dramatiſche Bearbeitung von Goethe's »Her⸗
3234 5222 5151 5302 mann und Dorothea«; Benedix »Ein Luſtſpiel« und »Die Hoch⸗
3234 5287 5149 5381 zeitsreiſe«, dann der alte Scherz »Der Kammerdiener«, endlich die
3236 5356 5150 5437 Blüetten »Nach Sonnenuntergang« und »Leiden junger Frauen«,
3237 5426 4956 5512 ſowie das gemüthvolle kleine Stück »Chriſtoph und Renata«.
3374 5502 5146 5583 Neu war Girndts Luſtſpiel »Strafrecht«, worin ein völlig
3239 5571 5153 5662 harmloſer Menſch durch komiſche Verkettung von Umſtänden
3240 5636 5144 5728 unſchuldiger Weiſe mit dem Strafgeſetzbuch in Konflikt geräth.
3378 5718 5151 5809 Zum Schluſſe ſei noch die im Concertſaale des Kö iglichen
3240 5778 5152 5875 Schauſpielhauſes erfolgte Darſtellung zweier kleiner dramatiſcher
3243 5846 5149 5940 Dichtungen von G. Conrad erwähnt: des Trauerſpiels
3248 5923 5154 6007 »Kleopatra«, welches von ſolchem Erfolge begleitet war,
3253 5986 5154 6075 daß es dem Repertoir der Königlichen Bühne eingereiht
3245 6052 5158 6142 wurde, und des Luſtſpiels: »Wo liegt das Glück? —
3245 6120 5154 6215 In der »Kleopatra« liegt der Schwerpunkt der Wirkung
3248 6188 5156 6277 lediglich im Dialog, und die geiſtvolle, tief bedeutungs⸗
3247 6258 5156 6342 reiche Gegenüberſtellung der beiden Hauptgeſtalten, der
3248 6317 5155 6408 Kleopatra und des Auguſtus, iſt bei der vortrefflichen
3247 6389 5156 6475 Darſtellung, welche noch beſonders gehoben wurde durch die
3247 6455 5157 6542 Anmuth der Frau Erhartt in der Titelrolle, von ſchön⸗
3246 6521 5160 6614 ſtem Eindruck. Bei dem Konverſationsſtück: »Wo liegt
3248 6582 5159 6675 das Glück?« handelt es ſich ſchon mehr um Situations⸗
3248 6656 5160 6744 wirkung, die namentlich in einer großen Empfangsſcene gipfelt.
3247 6725 5159 6815 Hier war der Raum der kleinen Bühne des Concertſaals dem
3250 6789 5160 6875 Eindruck nicht günſtig, was durch die Verpflanzung des
3249 6857 5161 6945 intereſſanten Werkes auf eine Bühne von größeren Dimenſionen
3251 6941 4016 7006 vermieden werden würde.
6541 1124 8592 1348 Königlich Preußiſcher
5646 1633 7140 2010 Staats-
8042 1572 9527 1993 Anzeiger.
5613 1217 6355 1281 Das Abonnement beträgt 1 Thlr.
5789 1292 6174 1344 für das Vierteljahr.
5617 1349 6361 1413 Inſertionspreis für den Raum einer
5795 1420 6194 1472 Druckzeile 2 ½ Sgr.
8781 1108 9523 1168 Alle Poſt-Anſtalten des In- und
8780 1160 9526 1208 Auslandes nehmen Beſtellung an,
8779 1194 9526 1264 für Berlin die Expedition des Königl.
8848 1238 9458 1302 Preußiſchen Staats-Anzeigers:
8917 1300 9392 1356 Zieten⸗Platz Nr. 3.
5636 2373 6078 2503 No 65.
6265 2276 8938 2450 Berlin, Sonnabend den 4. März, Abends (Zweite Ausgabe).
9291 2258 9558 2351 1871.
6332 2585 6907 2658 Berlin, 4. März.
5980 2662 7259 2778 Offizielle militäriſche Nachrichten.
5909 2741 7343 2850 Wortlaut der Friedenspräliminarien.
5808 2814 7584 2947 Zwiſchen dem Kanzler des Deutſchen Reichs Herrn Grafen
5674 2897 7586 3023 Otto von Bismarck⸗Schönhauſen, der mit Vollmacht
5676 2981 7587 3103 Seitens Sr. Majeſtät des Deutſchen Kaiſers und Königs von
5679 3104 6320 3197 Preußen verſehen iſt,
5816 3134 7592 3261 dem Miniſter der auswärtigen Angelegenheiten Sr. Majeſtät
5684 3225 7581 3350 des Königs von Bayern, Herrn Grafen Otto von Bray⸗
5685 3367 6094 3429 Steinburg,
5824 3379 7596 3503 dem Miniſter der auswärtigen Angelegenheiten Sr. Majeſtät
5691 3467 7597 3592 des Königs von Württemberg, Herrn Freiherrn Auguſt von
5692 3608 6040 3672 Waechter,
5828 3623 7605 3745 dem Staats⸗Miniſter und Miniſterraths⸗Präſidenten Sr.
5698 3701 7607 3838 Königlichen Hoheit des Großherzogs von Baden, Herrn Julius
5702 3853 5926 3923 Jolly,
5775 3897 6866 3996 welche das Deutſche Reich vertreten,
5975 3996 6252 4075 einerſeits,
5844 4025 7621 4148 und dem Chef der Exekutivgewalt der franzöſiſchen Re⸗
5712 4150 6561 4247 publik, Herrn Thiers, und
5850 4191 7626 4311 dem Miniſter der auswärtigen Angelegenheiten, Herrn
5720 4334 6207 4410 Jules Favre,
5788 4394 6616 4481 welche Frankreich vertreten,
5994 4483 6349 4549 andererſeits,
5860 4513 7635 4643 iſt, nachdem die Vollmachten der beiden kontrahirenden
5728 4589 7634 4730 Theile in guter und regelrechter Form befunden worden, nach⸗
5731 4677 7641 4813 ſtehende Vereinbarung getroffen worden, die als Präliminar⸗
5736 4750 7645 4885 Grundlage für den ſpäter abzuſchließenden Frieden dienen ſoll.
6517 4876 6877 4959 Artikel I.
5880 4930 7653 5071 Frankreich verzichtet zu Gunſten des Deutſchen Reiches auf
5747 5015 7656 5148 alle ſeine Rechte und Anſprüche auf diejenigen Gebiete, welche
5752 5097 7586 5235 öſtlich von der nachſtehend verzeichneten Grenze belegen ſind.
5896 5177 7663 5311 Die Demarkationslinie beginnt an der nordweſtlichen
5755 5259 7662 5392 Grenze des Kantons Cattenom nach dem Großherzogthum
5756 5333 7666 5477 Luxemburg zu, folgt ſüdwärts den weſtlichen Grenzen der Kan⸗
5760 5420 7671 5547 tons Cattenom und Thionville, durchſchneidet den Kanton Briey,
5761 5497 7673 5630 indem ſie längs der weſtlichen Grenzen der Gemeinden Montois⸗
5764 5583 7676 5710 la⸗Montagne und Roncourt, ſowie der öſtlichen Grenzen der
5770 5657 7682 5802 Gemeinden Marie⸗aux⸗chônes, Saint Ail, Habouville hinläuft,
5772 5744 7682 5880 berührt die Grenze des Kantons Gorze, welche ſie längs der
5775 5818 7686 5963 Grenzen der Gemeinden Vionville, Bouxières und Onville
5778 5903 7689 6047 durchſchneidet, folgt der Südweſt⸗ reſp. Südgrenze des Arrondiſſe⸗
5780 5980 7691 6119 ments Metz, der Weſtgrenze des Arrondiſſements Chateau⸗Salins
5784 6062 7696 6207 bis zur Gemeinde Pettoncourt, von der ſie die Weſt⸗ und Süd⸗
5785 6149 7700 6296 grenze einſchließt, und folgt dann dem Kamme der zwiſchen der
5788 6233 7703 6360 Seille und Moncel gelegenen Berge bis zur Grenze des Arron⸗
5790 6309 7707 6452 diſſements Saarburg ſüdlich von Garde. Sodann fällt die
5793 6389 7709 6524 Demarkationslinie mit der Grenze dieſes Arrondiſſements bis
5796 6471 7716 6619 zur Gemeinde Tanconville zuſammen, deren Nordgrenze ſie
5800 6553 7718 6692 berührt. Von dort folgt ſie dem Kamme der zwiſchen den
5808 6633 7724 6768 Quellen der Sarre blanche und der Vezouze befindlichen Berg⸗
5814 6716 7725 6861 züge bis zur Grenze des Kantons Schirmeck, geht entlang der
5818 6793 7731 6938 weſtlichen Grenze dieſes Kantons, ſchließt die Gemeinde Saales,
7663 2489 9567 2612 Bourg⸗Bruche, Colroy⸗la⸗Roche, Plaine, Ranrupt, Saulxures
7667 2574 9571 2688 und St. Blaiſe⸗la⸗Roche im Kanton Saales ein und fällt dann
7670 2652 9574 2767 mit der weſtlichen Grenze der Departements Nieder⸗ und Oberrhein
7674 2733 9577 2857 bis zum Kanton Belfort zuſammen. Sie verläßt deſſen Süd⸗
7676 2816 9580 2944 grenze unweit von Vourvenans, durchſchneidet den Kanton
7677 2896 9575 3012 Delle bei der Südgrenze der Gemeinden Bourogne und Froide⸗
7679 2977 9580 3105 Fontaine und erreicht die Schweizergrenze, indem ſie längs der
7680 3062 9390 3184 Oſtgrenzen der Gemeinden Jonchery und Delle hinläuft.
7816 3132 9590 3249 Das Deutſche Reich wird dieſe Gebiete für immer mit
7683 3219 9591 3336 vollem Souverainetäts⸗ und Eigenthumsrechte beſitzen. Eine
7683 3296 9594 3416 internationale Kommiſſion, die beiderſeits aus der gleichen
7687 3374 9600 3510 Zahl von Vertretern der hohen kontrahirenden Theile gebildet
7690 3461 9602 3585 wird, ſoll unmittelbar nach dem Austauſche der Ratifikationen
7695 3537 9598 3666 des gegenwärtigen Vertrages beauftragt werden, an Ort und
7698 3618 9606 3739 Stelle die neue Grenzlinie in Gemäßheit der vorſtehenden
7703 3736 8496 3830 Stipulationen feſtzuſtellen.
7838 3782 9612 3904 Dieſe Kommiſſion wird die Vertheilung des Grund und
7708 3864 9616 3985 Bodens, ſowie der Kapitalien leiten, welche bis jetzt gemein⸗
7712 3945 9618 4076 ſchaftlich Diſtrikten oder Gemeinden angehört haben, die durch
7714 4020 9623 4144 die neue Grenze getrennt werden; im Falle einer Meinungs⸗
7718 4103 9622 4232 verſchiedenheit über die Grenze und die Ausführungs⸗Beſtim⸗
7720 4185 9625 4313 mungen werden die Kommiſſionsmitglieder die Entſcheidung
7720 4294 8886 4399 ihrer reſpektiven Regierungen einholen.
7857 4347 9633 4465 Die Grenze iſt, ſo wie ſie vorſtehend feſtgeſetzt iſt, mit
7727 4430 9632 4562 grüner Farbe auf zwei gleichen Exemplaren der Karte von den
7731 4508 9634 4632 »Gebietstheilen, welche das General⸗Gouvernement des Elſaßes
7731 4589 9639 4714 bilden«, vermerkt, die im September 1870 in Berlin durch die
7735 4669 9640 4810 geographiſche und ſtatiſtiſche Abtheilung des Großen General⸗
7737 4751 9642 4889 ſtabes veröffentlicht worden iſt. Ein Exemplar derſelben wird
7739 4827 9644 4969 jeder der beiden Ausfertigungen des gegenwärtigen Vertrages
7746 4975 8015 5047 angefügt.
7879 4993 9659 5116 Die angegebene Grenzlinie hat indeſſen mit Uebereinſtim⸗
7750 5087 9657 5208 mung beider kontrahirenden Theile folgende Abänderungen er⸗
7752 5156 9658 5292 fahren: Im ehemaligen Moſel⸗Departement werden die Dörfer
7756 5236 9665 5366 Marie⸗aux⸗Chênes bei St. Privat⸗la⸗Montagne und Vionville,
7757 5327 9668 5453 weſtlich von Rezonville, an Deutſchland abgetreten. Dagegen
7760 5400 9670 5526 werden die Stadt und die Feſtungswerke von Belfort mit
7764 5483 9602 5610 einem ſpäter feſtzuſetzenden Rayon bei Frankreich verbleiben.
8519 5624 8902 5702 Artikel II.
7904 5698 9685 5830 Frankreich wird Sr. Majeſtät dem Deutſchen Kaiſer die
7776 5781 9687 5907 Summe von 5 Milliarden Francs zahlen. Mindeſtens eine
7779 5860 9688 5991 Milliarde Francs wird im Laufe des Jahres 1871 gezahlt und
7783 5938 9693 6074 der ganze Reſt im Laufe dreier Jahre von der Ratifikation
7786 6057 8751 6157 des gegenwärtigen Vertrags ab.
8540 6154 8943 6235 Artikel III.
7931 6229 9707 6347 Die Räumung der franzöſiſchen, durch die deutſchen Trup⸗
7797 6303 9710 6449 pen beſetzten Gebiete wird nach der Ratifikation des gegenwär⸗
7801 6384 9712 6528 tigen Vertrages Seitens der in Bordeaux tagenden National⸗
7804 6466 9715 6603 Verſammlung beginnen. Unmittelbar nach der Ratifikation
7807 6548 9718 6680 werden die deutſchen Truppen das Innere der Stadt Paris,
7812 6635 9717 6770 ſowie die am linken Ufer der Seine belegenen Forts ver⸗
7815 6706 9715 6850 laſſen. Sie werden in möglichſt kurzer Friſt, die durch ein
7722 6866 7879 6930 118 ¾*
