9272 6672
2732 368 2945 453 2906
997 496 2702 605 Perſonal-Veränderungen in der Armee.
1306 626 2407 695 Offiziere, Portepee⸗Fähnriche ꝛc.
995 714 2713 780 A. Ernennungen, Beförderungen und Verſetzungen.
1035 773 2798 847 Den 18. Oktober. v. Schrötter, Major von Gen. Stabe
910 833 2800 898 der 1. Div., unter Stellung à la suite des Gen. Stabes der Armee,
911 892 2796 964 zum Direktor der Kriegsſchule in Metz ernannt. Treplin, Sec. Lt.
913 952 2798 1022 vom 2. Magdeb. Inf. Regt. Nr. 27, in ſeinem Kommdo. als Bureau⸗
913 1011 2798 1080 Chef und Bibliothekar von der Kriegsſchule in Engers zur Kriegs⸗
911 1070 2799 1138 ſchule in Metz verſetzt. v. Duisburg I., Pr. Lt. vom 5. Weſtfäl.
915 1130 2801 1193 Inf. Regt. Nr. 53, als Bureau⸗Chef und Bibliothekar zur Kriegs⸗
916 1189 2801 1256 ſchule in Engers kommandirt. Meyer, Pr. Lt. vom Hannov. Füſ.
913 1248 2802 1317 Regt. Nr. 73, als Bureau⸗Chef und Bibliothekar zur Kriegsſchule in
913 1308 2802 1376 Hannover kommand. v. Dresler u. Scharfenſtein, Pr. Lt. vom
921 1369 2803 1440 1. Mageburg. Inf. Regt. Nr 26, von ſeinem Kommdo. als Bureau⸗
924 1427 2803 1497 Chef und Bibliothekar bei der Kriegsſchule zu Erſurt entbunden.
917 1486 2804 1550 v. Brandenſtein, Pr. Lt. vom 6. Thüring. Inf. Regt. Nr. 95,
920 1546 2803 1612 als Bureau⸗Chef u. Bibliothek. zur Kriegsſchule in Erfurt kommand.
915 1606 2800 1665 v. Tſchiſchwitz, Hauptm. à la suite des 3. Brandenburg. Inf.
916 1664 2806 1732 Regts. Nr. 20 und kommdrt. als Militär⸗Lehrer beim Kadettenhauſe
915 1725 2803 1794 zu Culm, unter Belaſſung à la suite des gedachten Regts., als Comp.
924 1784 2805 1852 Chef zum Kadettenhauſe in Potsdam kommdrt. v. Trotha, Pr. Lt.
923 1843 2808 1907 vom Gren. Regt. König Friedrich Wilhelm IV. (1. Pomm.) Nr. 2
919 1902 2806 1964 und kommandirt als Erzieher bei dem Kadettenhauſe in Potsdam,
919 1962 2804 2031 als Aſſiſt. der Comp. Chefs bei demſ. Kadettenhauſe kommdrt. Wol⸗
922 2021 2802 2088 lenhaupt, Sec. Lt. vom 1. Weſtpreuß. Gren. Regt. Nr. 6, in ſei⸗
920 2081 2807 2144 nem Kommdo. als Erzieher vom Kadettenhauſe zu Wahlſtatt zum
925 2127 2812 2202 Kadettenhauſe in Potsdam verſetzt. v. Rauſchenplat, Sec. Lt. vom
921 2199 2807 2268 Magdeburg. Jäg. Bat. Nr. 4, als Erzieher zum Kadettenhauſe in
922 2258 2808 2328 Plön vom 1. November cr. ab, vorläufig bis zum 1. Mai 1872
921 2318 2807 2384 kommdrt. Simon, Sec. Lt. vom Kadettencorps, zum Prem. Lieut.
914 2384 1173 2445 befördert.
1048 2435 2809 2496 Den 19. Oktober. v. Reckow, Oberſt à la suite des Weſt⸗
923 2490 2810 2563 preuß. Ulanen⸗Regts. Nr. 1 und beauftragt mit der Führung der
923 2554 2808 2621 29. Kav. Brig., v. Drigalski, Oberſt à la suite des 1., Brandenb.
927 2613 2806 2683 Drag. Regts. Nr. 2 und beauftragt mit der Führung der 5. Kav.
927 2672 2806 2744 Brig, v. Buſſe, Oberſt à la suite des 3. Schleſ. Drag. Regts.
927 2731 2809 2801 Nr. 15 und beauftragt mit der Führung der 15. Kav. Brig., zu Com⸗
927 2792 2809 2857 mandeuren dieſer Kav. Brigaden ernannt. v. Böhn, Ob. Lt. aggr.
928 2846 2809 2916 dem 2. Hanſeat. Inf. Regt. Nr. 76 und kommdrt. zur Führung des
930 2910 2809 2980 Regts, unter Stellung à la suite dieſes Regts., mit der Führung
929 2969 2811 3030 deſſelben, v. Nitſche, Ob. Lt. aggr. dem 4. Bad. Inf. Regt. Prinz
931 3022 2812 3097 Wilhelm Nr. 112 und kommdrt. zur Führung des Regts, unter Stel⸗
931 3086 2810 3158 lung à la suite dieſes Regts. mit der Führung deſſelben, v. Grol⸗
931 3146 2812 3214 man, Ob. Lt. vom 3. Garde⸗Grenadier⸗Regiment Königin Eliſabeth
931 3205 2812 3270 und kommandirt zur Führung des 4. Garde⸗Regiments mit der Füh⸗
933 3263 2813 3332 rung dieſes Regiments, unter Stellung à la suite deſſelben,
933 3323 2812 3392 v. Oppell, Ob. Lt. vom 1. Garde⸗Regt. z. F. und kommandirt zur
931 3382 2813 3455 Führung des 2. Garde⸗Regts, mit der Führung dieſes Regiments,
934 3433 2811 3500 unter Stellung à la suite deſſelben, v. Sannow, Ob. Lt. aggr.
935 3497 2812 3563 dem 3. Weſtf. Inf. Regt. Nr. 16, mit der Führung dieſes Regts.,
939 3557 2810 3621 unter Stellung à la suite deſſelben, beauftragt. v. Altrock,
937 3614 2812 3689 Hauptm. und Comp. Chef im 3. Garde Gren. Regt. Königin Eliſa⸗
940 3673 2807 3746 beth, v. Roeder, Hauptm. u. Comp. Chef vom 1. Garde Regt.
936 3733 2813 3807 z. F., zu Majors befördert. Lindemann, Hauptm. u. Comp. Chef
935 3787 2810 3858 vom 4. Magdeb. Inf. Regt. Nr. 67, unter Stellung à la suite dieſes
938 3852 2815 3923 Regts., zum Platzmajor in Diedenhofen ernannt. v. Zedtwitz,
934 3908 2813 3983 Hauptm. u. Comp. Chef vom 4. Thür. Inf. Regt. Nr. 72, dem Regt.
935 3969 2813 4042 aggr. und zur Wahrnehmung der Geſchäfte als Bezirks⸗Commdr. des
939 4025 2816 4100 1. Bats. (Halberſtadt) 3. Magdeb. Landw. Regts. Nr. 66 komman⸗
938 4089 2814 4153 dirt. Koſack, Hauptm. zur Disp. und Bezirks⸗Commandeur des
941 4147 2810 4213 1. Bats. (Neuſtadt) 2. Poſ. Landw. Regt. Nr. 19, der Charakter als
935 4213 1380 4277 Major verliehen.
1060 4263 2816 4327 Den 21. Oktober. v. Luck, Prem. Lt. à la suite des 2ten
937 4323 2816 4392 Rhein. Huſ. Regts. Nr. 9, auf ein Jahr zur Geſandtſchaft in Bern
935 4392 1272 4445 kommandirt.
1374 4443 2369 4501 B. Abſchiedsbewilligungen ꝛc.
1063 4505 2817 4561 Den 18. Oktober. v. Bothmer, Gen. Maj. und Komman⸗
937 4555 2822 4622 dant von Danzig, in Genehmigung ſeines Abſchieds⸗Geſuches, als
939 4615 2816 4681 Gen. Lt. mit Penſ. zur Dispoſ. geſtellt. v. Wedell, Gen. Maj.
936 4675 2815 4740 von der Armee, in Genehmigung ſeines Abſchieds⸗Geſuches, mit Pen⸗
937 4739 1547 4805 ſion zur Disp. geſtellt.
1060 4792 2815 4855 Den 19. Oktober. v. Etzel, Gen. der Inf. und Gouverneur
940 4850 2815 4912 von Stettin, in Genehmigung ſeines Abſchieds⸗Geſuches, mit Penſ.
930 4907 2821 4978 zur Disp. geſtellt. Keller, Gen. Maj. und Commdr. der 57. Inf.
931 4967 2815 5038 Brig., in Genehmigung ſeines Abſchieds⸗Geſuches, als Gen. Lt. mit
938 5025 2811 5097 Penſ. z. Disp. geſtellt. v. Bodungen, Port. Fähnr. vom 3. Thür.
938 5084 2813 5156 Inf. Regt. Nr. 71, ausgeſchieden, Meerwein, Sec. Lt. a. D., früher
940 5142 2812 5207 im 4. Brandenb. Inf. Regt. Nr. 24 (Großherzog von Mecklenburg⸗
938 5203 2811 5270 Schwerin), zuletzt bei der Inf. des 1. Bats. (Brandenburg a. H.)
935 5260 2812 5324 4. Brandenb. Landw. Regts. Nr. 24, die bedingte Anſtellungs⸗Berech⸗
937 5323 1729 5390 tigung im Civildienſt ertheilt.
1059 5376 2811 5439 Den 21. Oktober. v. Schenckendorff, Gen. Maj. z. Disp.,
940 5435 2811 5510 zuletzt Commdr. der 10. Kav. Brig, der Charakter als Gen. Lt. ver⸗
938 5510 1104 5557 liehen.
1577 5609 2181 5666 Nachweiſung
934 5663 2810 5732 der vom 1. April bis ultimo Juni 1871 zur öffentichen Kenntniß ge⸗
934 5721 2812 5786 kommenen Todesfälle von penſionirten und ausgeſchiedenen Offizieren
1237 5781 2515 5844 und Beamten der Königlich preußiſchen Armee.
1059 5850 2811 5917 Geſtorben ſind am 12. Dezember 1870: Müller, Major a. D.,
935 5908 2812 5980 zuletzt Hauptm. in der 3. Art. Brig. Am 21. Dezember: Wilk,
935 5967 2813 6038 Maj. a. D., zuletzt Hauptm. im jetzigen Brandenb. Füſ. Regt. Nr. 35.
935 6024 2811 6095 Am 20. Januar 1871: v. Arnim, Ov. Lt. a. D, zuletzt Rittm. im
2885 482 4736 591 2. Garde⸗Ulanen⸗Regt. Am 24. Januar: Hoppe, Major a. D.,
2887 542 4735 635 zuletzt Hauptm. und Platz⸗Ingenieur in Coſel. Am 28. Januar:
2890 601 4722 697 Bormann, Major a. D., zuletzt Rittm. im jetzigen Weſtfäl. Kür.
2889 659 4726 755 Regt. Nr. 4. Im Januar: Staabs, Ob. Lt. z. D., zuletzt Major
2890 719 4728 815 im 6. Rhein. Inf. Regt. Nr. 68. Am 1. Februar: Kauder, Aſſiſtenz⸗
2891 779 4732 865 arzt a. D., zuletzt im Schleſ. Ulanen⸗Regt. Nr. 2. Am 12. Februar:
2882 839 4726 923 Berger, Oberſt a. D., zuletzt Commdr. des jetzigen 2. Rhein. Inf.
2883 895 4727 981 Regt. Nr. 28. Am 14. Februar: v. Reiche, Major a. D, zuletzt
2881 955 4726 1041 in ehem. Hannov. Dienſten. Am 15. Februar: Mente, Oberſt
2879 1015 4726 1091 a. D., zuletzt Oberſt⸗Lieutenant in der 3. Artillerie⸗Brigade.
2892 1074 4736 1153 Am 1. März: Kosmann, Hauptm. a. D., zuletzt in der 5. Art.
2892 1133 4740 1209 Brig. und Verkrüzen, Hauptm. a. D., zuletzt im vorm. 3 Bat.
2890 1192 4734 1284 (Warendorf), jetzt 1. Weſtfäl. Landw. Regts. Nr. 13. Am. 4. März:
2892 1253 4733 1334 Dr. Lemke, Ob. Stabs⸗ und Regts. Arzt a. D., zuletzt im 3. Rhein.
2891 1311 4735 1391 Inf. Regt. Nr. 29. Am 7. März: Dr. Quehl, Ob. Stabs⸗Arzt
2894 1371 4737 1446 a. D., zuletzt im 3. Garde⸗Regt. z. F. Am 9. März: Zwick, Aſſiſt.
2893 1430 4741 1513 Arzt a. D, zuletzt bei der Art. Werkſtatt in Neiſſe. Am 10. März:
2900 1489 4732 1557 Schulze, Pr. Lt. a. D., zuletzt Sec. Lt. im jetzigen Thür. Ulanen⸗
2894 1549 4733 1623 Regt. Nr. 6 Am 12. März: Schumann, Major a. D., zuletzt
2894 1607 4730 1683 Hauptm. im jetzigen 2. Thür. Inf. Regt. Nr. 32. Am 13. März:
2897 1667 4733 1733 v. Schwerin, Maj. a. D., zuletzt Hauptmann im jetzigen 4. Pomm.
2899 1727 4733 1798 Inf. Regt. Nr. 21. Am 15. März: Meyer, Ob. Lt. a. D., zuletzt
2900 1786 4733 1850 in Oldenburgiſchen Dienſten, und Lauter, Juſtiz⸗Rath, Garn. Aud.
2898 1845 4735 1911 a. D, zuletzt in Erfurt. Am 24. März: Breymann, Hauptm.
2898 1904 4733 1975 a. D, zuletzt in ehem. Hannoverſchen Dienſten. Am 25. März:
2897 1964 4735 2032 Lehmann, Hauptm. a. D., zuletzt im jetzigen Rhein. Inf. Regt.
2885 2022 4738 2092 Nr. 30. Am 29. März: Jeniſch, Zeug⸗Hauptm. a. D., zuletzt
2902 2077 4736 2157 beim Art.⸗Dep. in Coblenz. Am 1. April: v. Wedell, Maj. a. D.,
2896 2140 4736 2206 zuletzt Hauptm. im jetzigen 3. Pommerſchen Inf. Regt. Nr. 14, und
2901 2199 4740 2270 Grawert, Zeug⸗Hauptm. a. D, zuletzt Zeug⸗Lt. b. Art.⸗Dep. in Weſel.
2899 2255 4737 2327 Am 3. April: v. Friedensburg, Oberſt z. D., zuletzt Bez. Commdr.
2900 2318 4740 2385 des 2. Bats. (Brieg) 4. Niederſchl. Landw. Regts. Nr. 51, und Jung⸗
2901 2374 4735 2446 hans, Major a. D, zuletzt im Brandenb. Train⸗Bat. Nr. 3. Am
2899 2435 4738 2499 5. April: Eſchment, Ob. Lt. a. D., zuletzt à la suite der 2. Art.
2900 2495 4743 2561 Brig. und Cmmdr. des Trains des II. Armee⸗Corps, und Kienitz,
2902 2554 4740 2621 Major a. D., zuletzt Führer des 2. Aufg. d. 2. Bats. (Treuenbrietzen)
2898 2614 4738 2679 jetzt 3. Brandb. Landw. Rgts. Nr. 20. Am 6. April: Gueinzius,
2902 2673 4739 2737 Gen. Lt. a. D., zuletzt Gen. Maj. und Direktor des Milit. Oekon.
2902 2733 4738 2804 Depart. Am 7. April: v. Gfug, Ob. Lt. a. D., zuletzt im jetzigen
2895 2792 4738 2861 Weſtfäl. Füſ. Regt. Nr. 37. Am 8. April: Schienmann, Major
2902 2850 4744 2919 a. D, zuletzt Rittmſtr. im jetzigen Litth. Drag. Regt. Nr. 1 (Prinz
2905 2909 4738 2972 Albrecht von Preußen), und Müller, Sec. Lt. a. D., zuletzt im
2898 2969 4737 3032 6. Brandenburg. Inf. Regt. Nr. 52. Am 10. April: André, Ob.
2901 3027 4738 3092 Lt. a. D., zuletzt Führer des 2. Aufg. des 2. Bats. (Soldin) jetzigen
2904 3087 4738 3150 1. Brandb. Ldw. Rgts. Nr. 8. Am 11. April: v. Schwartzenau,
2902 3145 4736 3210 Ob. Lt. a. D., zuletzt Maj. im vorm. 3. Bat. 3. Garde⸗Land. Regts.
2901 3206 4736 3267 Am 14. April: v. Dalwigk, Major a. D., zuletzt Hauptm. im
2895 3264 4738 3332 jetzigen 2. Weſtfäl. Infanterie⸗Regiment Nr. 15 (Prinz Friedrich der
2894 3317 4739 3389 Niederlande), und v. Natzmer, Prem. Lieut. a. D., zuletzt im
2906 3379 4738 3447 jetzigen Kolberg. Grenadier⸗Regiment (2. Pommerſchen) Nr. 9.
2911 3440 4744 3502 Am 15. April: v. Spörken, Gen. Lt. a. D., zuletzt bei der vor⸗
2902 3497 4740 3563 maligen Hannoverſchen Kavallerie, und Curio, Ob. Lt. a. D., zuletzt
2903 3557 4740 3623 Maj. und Commdr. des 1. Bats. (Aachen), jetzigen 1. Rhein. Landw.
2903 3612 4745 3681 Regts. Nr. 25. Am 20. April: v. Gerhardt, Ob. Lt. a. D., zu⸗
2904 3673 4740 3739 letzt Major im jetzigen Königs⸗Gren. Regt. (2. Weſtpreuß.) Nr. 7, und
2903 3731 4744 3797 Toll, Geh. Juſtiz⸗Rath und Ober⸗Auditeur a. D., zuletzt beim Ge⸗
2905 3791 4746 3858 neral⸗Auditoriat. Am 22. April: v. Quednow, Ob. Lt. z. D., zu⸗
2907 3848 4745 3921 letzt Major im jetzigen 3. Oſtpr. Gren. Regt. Nr. 4. Am 24. April:
2906 3906 4747 3976 Kayſer, Ob. Lt. a. D., zuletzt in der 8. Art. Brig. Am 25. April:
2908 3969 4747 4034 du Fresne v. Francheville, Pr. Lt. a. D., zuletzt Sec. Lt. im
2906 4029 4748 4091 2. Oſtpr. Gren. Regt. Nr. 3. Am 26. April: Kolewe, Hauptmann
2912 4081 4752 4155 a. D., zuletzt im vorm. 1. Bat. (Breslau) 10. Landw. Regts., dem⸗
2907 4143 4750 4209 nächſt Vorſtand der Handwerksſtätte des Niederſchleſ. Feld⸗Art. Regts.
2909 4203 4749 4265 Nr. 5. Am 27. April: v. Seebach, Major a. D., zuletzt Führer
2909 4258 4748 4326 des 2. Aufg. des 1. Bats. (Minden) 2. Weſtfäl. Landw. Regts. Nr. 15.
2909 4320 4751 4383 Am 28. April: Dr. Hoffa, Ob. St. Arzt a. D., zuletzt in der ehem.
2909 4377 4750 4445 Kurheſſ. Artill. Am 1. Mai: v. Stockhauſen, Maj. a. D, zuletzt
2909 4435 4750 4506 Hauptm. im 1. Weſtfäl. Inf. Regt. Nr. 13. Am 2. Mai: v. Wloſto,
2908 4493 4753 4560 Ob. Lt. a. D., zuletzt Major im jetzigen 2. Schleſ. Gren. Regt. Nr. 11.
2910 4550 4754 4622 Am 3. Mai: v. Derſchau, Hauptm. z. D., zuletzt im jetzigen Oſtpr.
2908 4606 4753 4686 Jäger⸗Bat. Nr. 1. Am 4. Mai: Lenz, Oberſt z. D., zuletzt Ob. Lt.
2909 4667 4754 4734 und Commdr. der vorm. 2. Pion. Abth. Am 6. Mai: Beyer, Pr.
2907 4728 4755 4795 Lt. a. D., zuletzt i. vorm. Reſ. Ldw. Bat. (Wohlau) 38. Inf. Rgts.
2915 4780 4755 4852 Am 7. Mai: v. Waldow, Major a. D, zuletzt Rittm. im jetzigen
2910 4844 4756 4926 1. Schleſ. Drag. Regt. Nr. 4. Am 10. Mai: Farthmann, Major
2903 4904 4761 4975 a. D., zuletzt Hauptm. im jetzigen 2. Oberſchleſ. Inf. Regt. Nr. 23. Am
2908 4964 4753 5028 16. Mai: Kellner, Lt. a. D., zuletzt in ehem. Hannov. Dienſten.
2905 5019 4755 5086 Am 18. Mai: Gr. v. d. Schulenburg⸗Emden, Oberſt a. D.,
2901 5078 4762 5149 zuletzt Maj. und Führer d. 2. Aufg. d. vorm. 1. Bats. (Halberſladt)
2896 5133 4756 5205 27. Landw. Regts. Am 24. April: Tronchin de Lortol, Oberſt
2906 5195 4759 5258 a. D, zuletzt als Maj. d. Regt. der Gardes du Corps aggr., dem⸗
2905 5258 4756 5327 nächſt Schloß⸗Hauptm. zu Benrath. Am 29. Mai: v. Ciriacy
2897 5307 4761 5383 Pr. Lt. a. D., zuletzt in der Gensd'amerie, demnächſt Poſtmeiſter in
2903 5372 4758 5442 Koſel. Am 30. Mai: v. Helmrich, Ob. Lt. a. D., zuletzt Maj.
2903 5424 4757 5505 im jetzigen 3. Oſtpr. Gren.⸗Regt. 4. Im Mai: Ebel, Ob. Lt. a. D.,
2903 5491 4755 5560 zuletzt in vorm. Nauſſauiſchen Dienſten. Am 3. Juni: v. Oertzen,
2904 5547 4762 5613 Rittm. a. D., zuletzt Pr. Lt. im 1. Bat. (Görlitz) jetzigen 1. Weſtpr.
2907 5595 4773 5673 Landw. Regts. Nr. 6, und Dr. Maréchaux, Aſſiſt. Arzt a. D.,
2903 5653 4768 5734 zuletzt in der 4. Art. Brig. Am 8. Juni: v. Prittwitz, General
2904 5718 4758 5792 d. Inf. a. D., zuletzt Gen. Lt. u. kommdr. Gen. d. Garde⸗Korps.
2904 5777 4761 5849 Am 10. Juni: Baron v. Puttkamer, Rittm. a. D., zuletzt beim
2905 5835 4760 5903 Train des 1 Bats. (Görlitz) jetzigen 1. Weſtpreuß. Landwehr⸗Regts.
2912 5893 4759 5960 Nr. 6. Am 12. Juni: Haack, Pr. Lt. a. D., zuletzt Sec. Lt. im
2904 5957 4758 6023 vorm. 2. Weſtpr. Inf. Regt. Am 20. Juni: Gneiſt, Hauptmann
2906 6015 4759 6081 a. D., zuletzt im Schlesw. Inf. Rgt. Nr. 84. Am 22. Juni: von
6674 375 6869 451 2907
4850 484 6706 567 Schweinitz, Hauptm a. D., zu etzt im jetzigen 4 Rhein. Inf. Regt.
4848 541 6712 623 Nr. 30. Am 24. Juni: v. Haidler, Sec. Lt. a. D., zuletzt im
4839 599 6713 692 jetzigen 1. Oberſchl. Inf. Regt. Nr. 22. Am 25. Juni: v. Kleiſt,
4847 657 6713 741 Gen. Maj. z. D., Oberſt u. Commd. der 22. Kavallerie⸗Brig. Am
4852 715 6713 797 27. Juni: Wolff, Hauptm. a. D., zuletzt im jetzigen 2. Magdeb.
4857 773 6715 860 Inf. Regt Ne 27, und v. Wietersheim, Hauptm. a. D., zuletzt
4856 831 6460 910 im 1. Bat (Conitz) jetzigen 4 Pomm Ldw. Regts. Nr. 21.
4860 1072 6715 1146 Notification respecting the manner and form in which the
4857 1131 6725 1205 renunciation by subjects and citizens of Great Britain and of
4857 1190 6718 1262 the United States respectively, of their naturalization, and the
4859 1248 6718 1324 resumption of their native allegiance, in accordance with the
4856 1304 6718 1377 Conventions of the 13th. of May 1870 and of the 23d. of Fe-
4860 1365 6720 1436 bruary 1871 concluded between Her Majesty the Queen of the
4859 1424 6719 1488 United Kingdom of Great Britain and Ireland and the Presi-
4939 1482 6643 1547 dent of the United States of America, May be Made and
5655 1539 5916 1609 declared.
4976 1597 6723 1666 Her Britannic Majesty and the President of the United
4862 1658 6723 1730 States, having concluded a Convention on the 13th. of May
4864 1717 6723 1784 1870 whereby British subjects who have become and are natu-
4865 1776 6728 1842 ralized as Ctizens of the United States are at liberty to re-
4858 1832 6725 1900 nounce their naturalization and to resume their British
4863 1892 6738 1962 nationality provided that such naturalization be publicly
4865 1951 6736 2016 declared before two years after the 12th of May 1872,
4858 2011 6727 2074 and Citizens of the United States who have become
4859 2069 6725 2133 and are naturalized as British subjects are at liberty to re-
4860 2127 6726 2191 nounce their naturalization and resume their nationality as Citi-
4861 2186 6727 2249 zens of the United States provided that such renunciation be
4865 2245 6727 2320 publicly declared within two years after the exchange of the
4863 2304 6727 2367 ratifications of the Convention, concluded a Supplementary
4861 2359 6729 2429 Convention on the 23d. of February 1871 prescribing the manner
4860 2422 6726 2483 and form in which the renunciation by the subjects of the
4864 2481 6726 2546 Contracting Parties and the resumption of their native alle-
4861 2541 6168 2610 giance may be made and publicly declared.
4982 2597 6726 2674 Copies of these two Conventions and of Her Majesty's
4867 2655 6734 2719 Order in Council declaring, as required by the 3d. Section of
4860 2715 6727 2778 the Act 33 Victoria Cap 14, that the Convention of the 13th
4862 2773 6728 2838 of May had been entered into by Her Majesty, are herewith
4863 2833 6727 2903 published for the information of all concerned, and the Under-
4864 2893 6727 2959 signed hereby calls upon all British subjects who have been
4866 2950 6725 3012 naturalized within the United States, and who may desire to
4866 3008 6725 3072 resume their allegiance as British subjects, to make the De-
4865 3068 6729 3132 claration in the form prescribed before the 12th of May 1872
4865 3127 6727 3193 in the presence of any Officer in the Diplomatic and Consular
4863 3189 5585 3245 Service of Her Majesty.
4984 3244 6728 3302 The Undersigned has further to point out that, although
4863 3298 6726 3372 the Supplemental Convention of the 23d. of February last only
4865 3360 6726 3435 requires that American Citizens who have been naturalized as
4867 3419 6730 3479 British subjects should make the Declaration of Renunciation
4864 3477 6728 3537 before a United States Court of Justice or Diplomatic or Con-
4859 3537 6731 3598 sular Officer of the United States, it will be necessary, in
4864 3595 6730 3658 order to meet the requirements of the British Act of Par-
4867 3654 6733 3718 liament, that the Declaration should also be made before one
4864 3713 6733 3776 of the British Judicial, Diplomatic, or Consular Officers
4871 3774 5739 3823 mentioned in the 3d. Section.
4982 3830 6620 3889 No fee will be levied for receiving these Declarations.
4982 3890 5481 3952 British Embassy.
4967 3949 5760 4007 Berlin, October 24th 1871.
5549 4006 6040 4066 George Petre,
5385 4065 6212 4124 H. B. M's Chargé d'affaires.
4868 4151 6730 4212 Convention between Her Majesty and the United
4869 4209 6730 4272 States of America, Supplementary to the Convention
4868 4268 6732 4338 of May 13, 1870, respecting Naturalization. — Signed
4866 4323 6729 4392 at Washington, February 23, 1871. (Ratifications
5076 4383 6541 4448 exchanged at Washington, May 4, 1871.)
4988 4443 6731 4494 Whereas by the Second Article of the Convention be-
4866 4502 6734 4572 tween Her Majesty the Queen of the United Kingdom of Great
4870 4558 6734 4628 Britain and Ireland, and the United States of America, for
4863 4618 6730 4676 regulating the citizenship of subjects and citizens of the Con-
4868 4676 6730 4737 tracting Parties who have emigrated or may emigrate from
4866 4733 6729 4796 the dominions of the one to those of the other Party, signed
4870 4792 6732 4855 at London, on the 13th of May, 1870, it was stipulated that
4869 4849 6731 4913 the manner in which the renunciation by such subjects and
4868 4908 6731 4976 citizens of their naturalization, and the resumption of their
4870 4966 6731 5029 native allegiance, may be made and publicly declared, should
4872 5022 6710 5090 be agreed upon by the Governments of the respective coun
4871 5081 6731 5153 tries; Her Majesty the Queen of the United Kingdom of Great
4870 5137 6734 5210 Britain and Ireland, and the President of the United States of
4872 5197 6730 5264 America, for the purpose of effecting such agreement, have
4870 5257 6730 5322 resolved to conclude a Supplemental Convention, and have
4870 5315 6731 5381 named as their Plenipotentiaries, that is to say: Her Majesty
4872 5370 6730 5431 the Queen of the United Kingdom of Great Britain and Ire-
4872 5426 6732 5496 land, Sir Edward Thornton, Knight Commander of the Most
4872 5480 6734 5555 Honourable Order of the Bath, and Her Envoy Extraordinary
4873 5545 6730 5611 and Minister Plenipotentiary to the United States of America;
4874 5602 6732 5668 and the President of the United States of America, Hamilton
4873 5656 6505 5729 Fish, Secretary of State, who have agreed as follows:
4988 5719 6732 5788 Art. I. Any person being originally a citizen of the Uni-
4875 5773 6733 5844 ted States who had, previously to May 13, 1870, been natura-
4876 5817 6749 5900 lized as a British subject, may at any time before August 10,
4876 5888 6746 5968 1872, and any British subject who, at the date first aforesaid, had
4873 5945 6732 6023 been naturalized as a citizen within the United States, may,
4868 5999 6738 6077 at any time before May 12, 1872, publicly declare his renun-
6805 476 8680 541 ciation of such naturalization by subcribing an instrument in
6799 536 8680 606 writing, substantially in the form hereunto appended, and de-
6804 599 7470 658 signated as Annex A.
6938 649 8681 729 Such renunciation by an original citizen of the United
6805 712 8678 783 States of British nationality shall, within the territories and
6803 773 8675 834 jurisdiction of the United States, be made in duplicate, in the
6806 832 8678 893 presence of any Court authorized by law for the time being
6805 890 8675 960 to admit aliens to naturalization, or before the Clerk or Protono-
6804 948 8673 1010 tary of any such Court: if the declarant be beyond the territories
6817 1005 8675 1073 of the United States, it shall be made in duplicate, before any
6812 1063 8680 1124 Diplomatic or Consular officer of the United States. One of
6811 1122 8672 1186 such duplicates shall remain of record in the custody of the
6811 1180 8672 1244 Court or officer in whose presence it was made; the other
6805 1239 8681 1304 shall be, without delay, transmitted to the Department of
6806 1294 6977 1348 State.
6938 1354 8672 1428 Such renunciation, if declared by an original British sub-
6806 1413 8673 1477 ject, of his acquired nationality as a citizen of the United
6814 1471 8679 1537 States, shall, if the declarant be in the United Kingdom of
6815 1529 8672 1604 Great Britain and Ireland, be made in duplicate, in the pre-
6814 1569 8671 1652 sence of a Justice of the Peace; if elsewhere in Her Britannic
6802 1644 8669 1713 Majesty's dominions, in triplicate, in the presence of any
6816 1705 8669 1771 Judge of civil or criminal jurisdiction, of any Justice of the
6815 1763 8670 1830 Peace, or of any other officer for the time being authorized
6814 1822 8670 1888 by law, in the place in which the declarant is, to administer
6817 1880 8668 1946 an oath for any judicial or other legal purpose: if out of Her
6815 1938 8708 2006 Majesty's dominions, in triplicate, in the presence of any offi-
6816 1997 8552 2065 cer in the Diplomatic or Consular Service of Her Majesty.
6940 2056 8667 2122 Art. II. The Contracting Parties hereby engage to com-
6816 2114 8665 2178 municate each to the other, from time to time, lists of the
6815 2173 8668 2236 persons who, within their respective dominions and territories,
6820 2230 8665 2297 or before their Diplomatic and Consular officers, have declared
6815 2288 8664 2357 their renunciation of naturalization, with the dates and places
6821 2347 8665 2409 of making such declarations, and such information as to the
6817 2406 8668 2472 abode of the declarants, and the times and places of their
6817 2464 8115 2528 naturalization, as they may have furnished.
6941 2524 8668 2590 Art. III. The present Convention shall be ratified by Her
6818 2581 8667 2645 Britannic Majesty, and by the President of the United States
6817 2640 8670 2706 by and with the advice and consent of the Senate thereof, and
6816 2699 8668 2762 the ratifications shall be exchanged at Washington as soon as
6817 2758 7392 2818 may be convenient.
6940 2817 8670 2878 In witness whereof the respective Plenipotentiaries have
6818 2874 8669 2940 signed the same, and have affixed thereto their respective
6817 2936 6977 2983 seals.
6938 2990 8673 3060 Done at Washington, the twenty-third day of February,
6816 3049 8675 3113 in the year of Our Lord one thousand eight hundred and se-
6815 3112 7114 3170 venty-one.
7249 3163 8262 3222 (L. S) Edwd. Thornton.
7250 3222 8208 3288 (L. S.) Hamilton Fish.
7572 3336 7935 3393 Annex (A.).
6910 3393 8679 3452 I., A. B., of (insert abode), being originally a citizen of the
6819 3451 8680 3514 United States of America (or a British subject), and having
6819 3510 8677 3581 become naturalized within the dominions of Her Britannic
6823 3567 8682 3629 Majesty as a British subject (or as a citizen within the United
6825 3628 8676 3698 States of America), do hereby renounce my naturalization as
6822 3686 8676 3755 a British subject (or citizen of the United States); and declare
6822 3745 8685 3806 that it is my desire to resume my nationality as a citizen of
6822 3801 7954 3875 the United States (or British subject).
7880 3858 8551 3925 (Signed) A. B.
6945 3919 8673 3972 Made and subscribed before me, in
6824 3976 8682 4041 (insert country or other subdivision, and state, province,
6823 4034 8682 4099 colony, legation, or consulate), this day of
7463 4090 7623 4154 , 187.
7114 4148 7740 4218 (Signed) E. F.,
7233 4207 8295 4266 Justice of the Peace (or other title).
7362 4266 8371 4327 (L. S.) Edwd. Thornton.
7359 4324 8321 4386 (L. S.) Hamilton Fish.
6946 4383 8667 4444 Convention between Her Majesty and the United States
6824 4440 8668 4501 of America relative to Naturalization. — Signed at London,
6822 4499 8667 4565 May 13, 1870. (Ratifications exchanged at London, August 10,
6822 4560 6980 4622 1870.)
6943 4613 8668 4679 Her Majesty the Queen of the United Kingdom of Great
6823 4671 8671 4741 Britain and Ireland, and the President of the United States of
6826 4729 8664 4796 America, being desirous to regulate the citizenship of British
6824 4788 8665 4856 subjects who have emigrated or who may emigrate from the
6820 4846 8662 4915 British dominions to the United States of America, and of ci-
6823 4904 8666 4963 tizens of the United States of America who have emigrated
6823 4962 8662 5029 or who may emigrate from the United States of America to
6820 5019 8665 5088 the British dominions, have resolved to conclude a Convention
6820 5078 8664 5146 for that purpose, and have named as their Plenipotentiaries,
6823 5145 7272 5204 that is to say:
6943 5193 8667 5263 Her Majesty the Queen of the United Kingdom of Great
6822 5251 8664 5312 Britain and Ireland, the Right Honourable George William
6819 5309 8665 5375 Frederick, Earl of Clarendon, Baron Hyde of Hindon, a Peer
6823 5367 8663 5436 of the United Kingdom, a Member of Her Britannic Majesty's
6819 5423 8675 5484 Most Honourable Privy Council, Knight of the Most Noble
6824 5482 8664 5551 Order of the Garter, Knight Grand Cross of the Most Honou-
6822 5540 8665 5610 rable Order of the Bath, Her Britannic Majesty's Principal
6828 5599 7993 5668 Secretary of State for Foreign Affairs;
6945 5656 8667 5726 And the President of the United States of America, John
6822 5693 8670 5785 Lothrop Motley, Esquire, Envoy Extraordinary and Minister
6829 5773 8671 5841 Plenipotentiary of the United States of America to Her Bri-
6829 5837 7286 5894 tannic Majesty;
6945 5888 8668 5957 Who, after having communicated to each other their re-
6824 5947 8683 6016 spective full powers, found to be in good and due form, have
6825 6004 8440 6072 agreed upon and concluded the following Articles: —
