<?xml version="1.0" encoding="UTF-8" standalone="yes"?>
<PcGts xmlns="http://schema.primaresearch.org/PAGE/gts/pagecontent/2013-07-15" xmlns:xsi="http://www.w3.org/2001/XMLSchema-instance" xsi:schemaLocation="http://schema.primaresearch.org/PAGE/gts/pagecontent/2013-07-15 http://schema.primaresearch.org/PAGE/gts/pagecontent/2013-07-15/pagecontent.xsd">
    <Metadata>
        <Creator>prov=READ-COOP:name=PyLaia@TranskribusPlatform:version=0.7.1:model_id=40804:lm=none:date=05_07_2022_11:22
prov=READ-COOP:name=PyLaia@Transkribus:version=0.7.1:model_id=40804:date=05_07_2022_11:22
Transkribus</Creator>
        <Created>2021-12-14T11:42:58.963+01:00</Created>
        <LastChange>2023-11-15T20:47:04.981+01:00</LastChange>
        <Comments>
                Measurement unit: pixel
                PrimaryLanguage: 
                Producer: Transkribus
            </Comments>
        <TranskribusMetadata docId="900641" pageId="34524916" pageNr="5" tsid="139840655" status="GT" userId="48446" imgUrl="https://files.transkribus.eu/Get?id=YOYARNLBTUERIVYGDCLXGNPK&amp;fileType=view" xmlUrl="https://files.transkribus.eu/Get?id=OEDPWNCPOOZQJINJENUHJCQB" imageId="27705302"/>
    </Metadata>
    <Page imageFilename="1871_19_0143.jpg" imageWidth="10728" imageHeight="7496">
        <PrintSpace>
            <Coords points="1124,1072 9912,1167 9980,7287 1192,7192"/>
        </PrintSpace>
        <ReadingOrder>
            <OrderedGroup id="ro_1700129741214" caption="Regions reading order">
                <RegionRefIndexed index="0" regionRef="r1"/>
                <RegionRefIndexed index="1" regionRef="r2"/>
                <RegionRefIndexed index="2" regionRef="r3"/>
                <RegionRefIndexed index="3" regionRef="r4"/>
                <RegionRefIndexed index="4" regionRef="r5"/>
                <RegionRefIndexed index="5" regionRef="r6"/>
                <RegionRefIndexed index="6" regionRef="r7"/>
                <RegionRefIndexed index="7" regionRef="r8"/>
                <RegionRefIndexed index="8" regionRef="r9"/>
                <RegionRefIndexed index="9" regionRef="r10"/>
                <RegionRefIndexed index="10" regionRef="r11"/>
                <RegionRefIndexed index="11" regionRef="r12"/>
                <RegionRefIndexed index="12" regionRef="r13"/>
                <RegionRefIndexed index="14" regionRef="r14"/>
                <RegionRefIndexed index="15" regionRef="r15"/>
                <RegionRefIndexed index="16" regionRef="r16"/>
                <RegionRefIndexed index="17" regionRef="r17"/>
                <RegionRefIndexed index="18" regionRef="r18"/>
                <RegionRefIndexed index="19" regionRef="r19"/>
                <RegionRefIndexed index="20" regionRef="r20"/>
                <RegionRefIndexed index="21" regionRef="r21"/>
                <RegionRefIndexed index="23" regionRef="r22"/>
                <RegionRefIndexed index="24" regionRef="r23"/>
                <RegionRefIndexed index="25" regionRef="r24"/>
                <RegionRefIndexed index="26" regionRef="r25"/>
                <RegionRefIndexed index="27" regionRef="r26"/>
                <RegionRefIndexed index="28" regionRef="r27"/>
                <RegionRefIndexed index="29" regionRef="r28"/>
                <RegionRefIndexed index="30" regionRef="r29"/>
                <RegionRefIndexed index="31" regionRef="r30"/>
                <RegionRefIndexed index="32" regionRef="r31"/>
                <RegionRefIndexed index="33" regionRef="r32"/>
                <RegionRefIndexed index="34" regionRef="r33"/>
                <RegionRefIndexed index="35" regionRef="r34"/>
            </OrderedGroup>
        </ReadingOrder>
        <TextRegion type="page-number" id="r1" custom="readingOrder {index:0;} structure {type:page-number;}">
            <Coords points="3262,1153 3482,1153 3482,1262 3262,1262"/>
            <TextLine id="r1l1" custom="readingOrder {index:0;}">
                <Coords points="3294,1172 3447,1171 3447,1250 3294,1251"/>
                <Baseline points="3294,1246 3447,1245"/>
                <TextEquiv>
                    <Unicode>248</Unicode>
                </TextEquiv>
            </TextLine>
            <TextEquiv>
                <Unicode>248</Unicode>
            </TextEquiv>
        </TextRegion>
        <TextRegion id="r2" custom="readingOrder {index:1;} structure {type:reference;}">
            <Coords points="1340,1275 1587,1275 1586,1381 1340,1384"/>
            <TextLine id="r2l1" custom="readingOrder {index:0;}">
                <Coords points="1416,1310 1539,1307 1541,1365 1418,1368"/>
                <Baseline points="1418,1358 1540,1355"/>
                <TextEquiv>
                    <Unicode>[157]</Unicode>
                </TextEquiv>
            </TextLine>
            <TextEquiv>
                <Unicode>[157]</Unicode>
            </TextEquiv>
        </TextRegion>
        <TextRegion type="heading" id="r3" custom="readingOrder {index:2;} structure {type:heading;}">
            <Coords points="1340,1384 1586,1381 1587,1275 3329,1275 3330,1687 1341,1687"/>
            <TextLine id="r3l1" custom="readingOrder {index:0;}">
                <Coords points="1944,1285 2783,1287 2785,1381 1946,1379"/>
                <Baseline points="1946,1360 2784,1362"/>
                <TextEquiv>
                    <Unicode>Prospect</Unicode>
                </TextEquiv>
            </TextLine>
            <TextLine id="r3l2" custom="readingOrder {index:1;}">
                <Coords points="2265,1385 2466,1385 2466,1435 2265,1435"/>
                <Baseline points="2265,1430 2466,1430"/>
                <TextEquiv>
                    <Unicode>für die</Unicode>
                </TextEquiv>
            </TextLine>
            <TextLine id="r3l3" custom="readingOrder {index:2;}">
                <Coords points="1421,1437 3309,1437 3307,1547 1419,1547"/>
                <Baseline points="1419,1542 3299,1542"/>
                <TextEquiv>
                    <Unicode>Berliner Maschinenbau-Aktien-</Unicode>
                </TextEquiv>
            </TextLine>
            <TextLine id="r3l4" custom="readingOrder {index:3;}">
                <Coords points="1971,1560 2741,1560 2743,1679 1973,1679"/>
                <Baseline points="1991,1669 2735,1667"/>
                <TextEquiv>
                    <Unicode>Gesellschaft.</Unicode>
                </TextEquiv>
            </TextLine>
            <TextEquiv>
                <Unicode>Prospect
für die
Berliner Maschinenbau-Aktien-
Gesellschaft.</Unicode>
            </TextEquiv>
        </TextRegion>
        <TextRegion type="heading" id="r4" custom="readingOrder {index:3;} structure {type:heading;}">
            <Coords points="1343,1711 3332,1711 3337,2021 1348,2021"/>
            <TextLine id="r4l1" custom="readingOrder {index:0;}">
                <Coords points="1791,1722 2938,1722 2938,1813 1791,1813"/>
                <Baseline points="1805,1807 2931,1805"/>
                <TextEquiv>
                    <Unicode>Grund-Kapital</Unicode>
                </TextEquiv>
            </TextLine>
            <TextLine id="r4l2" custom="readingOrder {index:1;}">
                <Coords points="1538,1832 1632,1830 3000,1829 3078,1829 3171,1852 3171,1911 2463,1924 2041,1925 1865,1925 1538,1911"/>
                <Baseline points="1538,1911 1761,1910 1816,1909 2185,1910 2240,1910 2317,1910 2367,1910 2606,1910 2659,1910 2865,1910 2919,1909 3171,1911"/>
                <TextEquiv>
                    <Unicode>Rthlr. 2,000,000 in 10,000 Stück Aktien</Unicode>
                </TextEquiv>
            </TextLine>
            <TextLine id="r4l3" custom="readingOrder {index:2;}">
                <Coords points="2111,1931 2487,1928 2542,1928 2555,1929 2616,1951 2616,2009 2111,2009"/>
                <Baseline points="2111,2009 2157,2009 2207,2009 2346,2009 2398,2009 2616,2009"/>
                <TextEquiv>
                    <Unicode>à 200 Rthlr.</Unicode>
                </TextEquiv>
            </TextLine>
            <TextEquiv>
                <Unicode>Grund-Kapital
Rthlr. 2,000,000 in 10,000 Stück Aktien
à 200 Rthlr.</Unicode>
            </TextEquiv>
        </TextRegion>
        <TextRegion type="paragraph" id="r5" custom="readingOrder {index:4;} structure {type:paragraph;}">
            <Coords points="1333,2066 3322,2066 3298,5403 3281,6958 1315,6962"/>
            <TextLine id="r5l1" custom="readingOrder {index:0;}">
                <Coords points="1528,2081 1531,2080 1646,2079 3190,2079 3274,2082 3308,2094 3308,2129 3190,2141 3092,2141 2329,2139 1516,2136 1526,2126 1527,2132"/>
                <Baseline points="1532,2127 1631,2128 1648,2128 1719,2127 1731,2127 1894,2127 1915,2128 2032,2128 2048,2128 2111,2128 2135,2128 2315,2128 2331,2128 2654,2129 2672,2129 2724,2129 2743,2129 3308,2129"/>
                <TextEquiv>
                    <Unicode>Die im Jahre 1852 zu Berlin gegründete L. Schwartzkopff'sche</Unicode>
                </TextEquiv>
            </TextLine>
            <TextLine id="r5l2" custom="readingOrder {index:1;}">
                <Coords points="1408,2141 1611,2140 3308,2140 3308,2189 1835,2200 1575,2200 1408,2189"/>
                <Baseline points="1408,2189 1835,2187 1882,2187 1985,2187 2037,2186 2519,2187 2576,2187 2806,2187 2855,2187 2955,2187 3004,2187 3121,2188 3175,2188 3308,2188"/>
                <TextEquiv>
                    <Unicode>Eisengiesserei und Maschinenfabrik umfasst zur Zeit zwei</Unicode>
                </TextEquiv>
            </TextLine>
            <TextLine id="r5l3" custom="readingOrder {index:2;}">
                <Coords points="1401,2200 2515,2199 2733,2199 3209,2200 3309,2215 3309,2247 3246,2248 1891,2267 1875,2267 1401,2248"/>
                <Baseline points="1401,2247 1891,2246 1940,2246 2140,2247 2185,2247 2340,2246 2386,2246 2733,2246 2785,2246 2853,2246 2904,2246 3000,2247 3050,2247 3309,2247"/>
                <TextEquiv>
                    <Unicode>Etablissements, welche beide unmittelbar an der Stettiner</Unicode>
                </TextEquiv>
            </TextLine>
            <TextLine id="r5l4" custom="readingOrder {index:3;}">
                <Coords points="1408,2259 3158,2259 3246,2262 3306,2275 3306,2308 1785,2318 1667,2318 1408,2307"/>
                <Baseline points="1408,2306 1562,2306 1594,2306 1785,2305 1817,2305 1911,2305 1942,2305 2117,2305 2136,2305 2245,2306 2268,2306 2423,2306 2447,2306 2558,2307 2582,2307 2748,2306 2766,2306 3306,2308"/>
                <TextEquiv>
                    <Unicode>Bahn liegen, mit dieser und unter sich durch Eisenbahn-Geleise</Unicode>
                </TextEquiv>
            </TextLine>
            <TextLine id="r5l5" custom="readingOrder {index:4;}">
                <Coords points="1409,2318 1987,2317 2090,2317 2090,2363 2059,2364 1823,2368 1790,2368 1409,2367"/>
                <Baseline points="1409,2367 1589,2365 1619,2365 1927,2364 1959,2364 2090,2363"/>
                <TextEquiv>
                    <Unicode>direkt verbunden sind.</Unicode>
                </TextEquiv>
            </TextLine>
            <TextLine id="r5l6" custom="readingOrder {index:5;}">
                <Coords points="1531,2377 1768,2375 1862,2375 3270,2378 3304,2392 3304,2424 3270,2425 3226,2425 1531,2424"/>
                <Baseline points="1531,2424 1693,2424 1725,2424 2167,2423 2201,2423 2428,2423 2462,2423 2544,2423 2577,2423 2740,2423 2772,2423 2873,2423 2907,2423 3043,2424 3077,2424 3136,2424 3169,2424 3304,2424"/>
                <TextEquiv>
                    <Unicode>Beide Etablissements nehmen ein Areal von über 19 Mor-</Unicode>
                </TextEquiv>
            </TextLine>
            <TextLine id="r5l7" custom="readingOrder {index:6;}">
                <Coords points="1405,2451 1579,2436 2834,2436 3027,2437 3148,2438 3307,2452 3307,2484 3269,2486 2624,2492 2065,2496 1405,2496"/>
                <Baseline points="1405,2484 1514,2483 1549,2483 1650,2482 1696,2482 1800,2482 1834,2482 2002,2482 2044,2482 2180,2483 2227,2483 2362,2483 2408,2483 2440,2483 2471,2482 2691,2483 2737,2483 2834,2484 2865,2484 3307,2484"/>
                <TextEquiv>
                    <Unicode>gen ein, von denen jetzt über 8 Morgen mit Arbeitsräumen</Unicode>
                </TextEquiv>
            </TextLine>
            <TextLine id="r5l8" custom="readingOrder {index:7;}">
                <Coords points="1415,2496 1673,2493 1743,2493 1777,2495 1777,2541 1743,2542 1445,2544 1415,2544"/>
                <Baseline points="1415,2544 1612,2542 1643,2542 1777,2541"/>
                <TextEquiv>
                    <Unicode>bebaut sind.</Unicode>
                </TextEquiv>
            </TextLine>
            <TextLine id="r5l9" custom="readingOrder {index:8;}">
                <Coords points="1532,2553 1805,2552 1851,2552 3307,2555 3307,2603 2262,2612 2248,2612 2124,2611 1532,2601"/>
                <Baseline points="1532,2601 1756,2599 1805,2600 2262,2600 2311,2600 2508,2601 2559,2601 2673,2601 2707,2601 2903,2601 2952,2601 3053,2601 3105,2602 3183,2601 3216,2601 3307,2603"/>
                <TextEquiv>
                    <Unicode>Diverse Kesselanlagen, welche eine Stärke von ca. 500</Unicode>
                </TextEquiv>
            </TextLine>
            <TextLine id="r5l10" custom="readingOrder {index:9;}">
                <Coords points="1403,2613 2073,2612 2090,2612 2861,2614 3010,2615 3313,2625 3313,2657 3254,2672 2188,2672 1852,2671 1403,2661"/>
                <Baseline points="1403,2661 1755,2659 1787,2659 2201,2659 2236,2659 2536,2660 2586,2660 2686,2660 2722,2660 2930,2661 2982,2661 3072,2661 3140,2661 3306,2658"/>
                <TextEquiv>
                    <Unicode>Pferdekraft repräsentiren, vermitteln den Betrieb der ausge-</Unicode>
                </TextEquiv>
            </TextLine>
            <TextLine id="r5l11" custom="readingOrder {index:10;}">
                <Coords points="1408,2673 1881,2671 2212,2671 3191,2673 3256,2674 3305,2688 3305,2733 2683,2733 2419,2731 1408,2720"/>
                <Baseline points="1408,2720 1643,2718 1657,2718 2027,2718 2047,2718 2141,2717 2154,2717 2433,2719 2446,2719 2537,2719 2547,2719 3305,2720"/>
                <TextEquiv>
                    <Unicode>dehnten Werkstätten der Giesserei, der Dampfhammer-Schmiede,</Unicode>
                </TextEquiv>
            </TextLine>
            <TextLine id="r5l12" custom="readingOrder {index:11;}">
                <Coords points="1406,2731 1801,2730 1926,2730 2278,2731 2862,2734 2998,2735 3304,2748 3304,2780 3234,2791 3134,2791 1752,2790 1406,2778"/>
                <Baseline points="1406,2778 1502,2778 1537,2777 1766,2776 1801,2776 2067,2777 2101,2777 2207,2777 2244,2777 2719,2779 2753,2779 2862,2779 2913,2779 3098,2779 3134,2779 3304,2780"/>
                <TextEquiv>
                    <Unicode>des Kessel-, Brücken- und Maschinenbaues und setzen gegen</Unicode>
                </TextEquiv>
            </TextLine>
            <TextLine id="r5l13" custom="readingOrder {index:12;}">
                <Coords points="1394,2811 1399,2804 1399,2791 1653,2790 1911,2789 2229,2789 3303,2791 3303,2838 3261,2852 3064,2852 2199,2850 2020,2848 1399,2838 1397,2830"/>
                <Baseline points="1399,2838 2047,2836 2057,2836 2549,2837 2559,2837 3078,2839 3091,2839 3296,2836"/>
                <TextEquiv>
                    <Unicode>500 Arbeitsmaschinen, Hülfswerkzeuge, Dampfmaschinen, Dampf-</Unicode>
                </TextEquiv>
            </TextLine>
            <TextLine id="r5l14" custom="readingOrder {index:13;}">
                <Coords points="1409,2850 2034,2848 2164,2848 2194,2864 2194,2907 2135,2907 1448,2897 1409,2896"/>
                <Baseline points="1409,2896 1653,2896 1686,2896 1783,2896 1819,2895 1917,2895 1948,2895 2002,2895 2034,2895 2194,2894"/>
                <TextEquiv>
                    <Unicode>hämmer etc. etc. in Gang.</Unicode>
                </TextEquiv>
            </TextLine>
            <TextLine id="r5l15" custom="readingOrder {index:14;}">
                <Coords points="1529,2908 1854,2907 2463,2907 3176,2908 3244,2909 3281,2923 3301,2935 3301,2943 3281,2955 2644,2966 2610,2966 1529,2955"/>
                <Baseline points="1529,2955 1781,2954 1814,2954 1915,2954 1931,2954 2278,2954 2302,2954 2712,2955 2731,2955 2848,2955 2865,2955 2970,2955 2992,2955 3112,2955 3136,2955 3301,2941"/>
                <TextEquiv>
                    <Unicode>Gebäude wie maschinelle Einrichtungen sind von dem Grün-</Unicode>
                </TextEquiv>
            </TextLine>
            <TextLine id="r5l16" custom="readingOrder {index:15;}">
                <Coords points="1405,2967 2438,2967 3250,2968 3309,2984 3309,3017 1728,3025 1694,3025 1405,3014"/>
                <Baseline points="1405,3014 1502,3014 1548,3014 1646,3014 1694,3014 1937,3013 1969,3013 2214,3013 2264,3013 2368,3013 2402,3013 2821,3015 2870,3015 3016,3016 3044,3016 3300,3014"/>
                <TextEquiv>
                    <Unicode>der mit grösster Solidität und Sachkenntniss allen Anforde-</Unicode>
                </TextEquiv>
            </TextLine>
            <TextLine id="r5l17" custom="readingOrder {index:16;}">
                <Coords points="1436,3036 1650,3027 1757,3026 1958,3025 1974,3025 2893,3027 3246,3029 3301,3030 3301,3074 3086,3084 2947,3088 2933,3088 1403,3078 1403,3033"/>
                <Baseline points="1410,3074 1650,3073 1744,3073 1757,3073 1998,3072 2031,3072 2419,3073 2453,3073 2640,3073 2657,3073 2801,3074 2846,3074 2947,3074 2979,3074 3301,3074"/>
                <TextEquiv>
                    <Unicode>rungen der Neuzeit entsprechend ausgeführt; ein, ungeachtet</Unicode>
                </TextEquiv>
            </TextLine>
            <TextLine id="r5l18" custom="readingOrder {index:17;}">
                <Coords points="1406,3085 2012,3085 3023,3087 3216,3088 3304,3100 3304,3133 3190,3135 2532,3147 2508,3147 2071,3143 1406,3132"/>
                <Baseline points="1406,3132 1501,3132 1532,3132 1707,3132 1737,3132 2173,3132 2206,3132 2308,3132 2329,3132 2532,3133 2567,3133 2701,3133 2735,3133 2812,3133 2834,3133 2954,3134 2971,3134 3133,3134 3167,3134 3299,3132"/>
                <TextEquiv>
                    <Unicode>der vielen Einberufungen zur Armee, noch ca. 1600 Mann star-</Unicode>
                </TextEquiv>
            </TextLine>
            <TextLine id="r5l19" custom="readingOrder {index:18;}">
                <Coords points="1403,3145 1943,3144 2094,3144 3219,3146 3306,3160 3306,3193 2484,3203 1532,3204 1518,3204 1403,3192"/>
                <Baseline points="1403,3192 1532,3192 1581,3192 1883,3191 1930,3191 2134,3191 2179,3190 2484,3192 2533,3192 2817,3193 2874,3193 2986,3193 3031,3193 3301,3190"/>
                <TextEquiv>
                    <Unicode>kes, anerkannt tüchtig geschultes Beamten- und Arbeiter-</Unicode>
                </TextEquiv>
            </TextLine>
            <TextLine id="r5l20" custom="readingOrder {index:19;}">
                <Coords points="1400,3203 1445,3203 3194,3205 3300,3219 3300,3253 3231,3264 3068,3265 3049,3265 1449,3252 1400,3251"/>
                <Baseline points="1400,3251 1666,3251 1713,3251 1785,3251 1832,3251 1934,3251 1984,3250 2295,3250 2340,3250 2593,3251 2648,3252 2739,3252 2790,3252 3300,3252"/>
                <TextEquiv>
                    <Unicode>Personal ist von demselben während des achtzehnjährigen</Unicode>
                </TextEquiv>
            </TextLine>
            <TextLine id="r5l21" custom="readingOrder {index:20;}">
                <Coords points="1405,3262 1446,3262 3268,3264 3298,3279 3298,3311 2411,3322 2377,3322 1452,3310 1405,3309"/>
                <Baseline points="1405,3309 1701,3310 1751,3310 1848,3310 1893,3310 2160,3310 2208,3310 2611,3312 2657,3312 2765,3312 2813,3311 2871,3311 2920,3311 3184,3311 3217,3311 3298,3311"/>
                <TextEquiv>
                    <Unicode>Bestehens der Fabriken herangebildet und es verbleibt die</Unicode>
                </TextEquiv>
            </TextLine>
            <TextLine id="r5l22" custom="readingOrder {index:21;}">
                <Coords points="1404,3336 1569,3323 1628,3322 2126,3321 2223,3321 2977,3323 3268,3326 3300,3337 3300,3370 3268,3371 2735,3383 2502,3383 2192,3381 1439,3370 1404,3369"/>
                <Baseline points="1404,3360 1875,3368 1929,3369 2279,3369 2331,3369 2448,3369 2502,3369 2805,3371 2852,3370 3093,3371 3142,3370 3300,3370"/>
                <TextEquiv>
                    <Unicode>ausschliessliche Oberleitung dem bisherigen Besitzer unter</Unicode>
                </TextEquiv>
            </TextLine>
            <TextLine id="r5l23" custom="readingOrder {index:22;}">
                <Coords points="1402,3382 1511,3380 1529,3380 2188,3381 3241,3383 3298,3397 3298,3429 3049,3442 1529,3447 1511,3447 1402,3428"/>
                <Baseline points="1411,3424 1683,3428 1718,3428 1896,3429 1925,3429 2302,3429 2331,3429 2641,3430 2673,3430 3049,3430 3093,3430 3188,3429 3221,3429 3298,3429"/>
                <TextEquiv>
                    <Unicode>Assistenz seiner langjährigen bewährten Prokuristen, der In-</Unicode>
                </TextEquiv>
            </TextLine>
            <TextLine id="r5l24" custom="readingOrder {index:23;}">
                <Coords points="1399,3454 1508,3441 2335,3441 3159,3443 3186,3444 3307,3458 3307,3491 3247,3490 2718,3503 2670,3503 1399,3499"/>
                <Baseline points="1399,3488 1656,3487 1689,3487 1895,3488 1927,3489 2193,3488 2226,3488 2335,3488 2354,3489 2718,3491 2752,3491 2916,3489 2950,3489 3299,3488"/>
                <TextEquiv>
                    <Unicode>genieure Herren Lemelson und Kaselowsky, deren ausschliess-</Unicode>
                </TextEquiv>
            </TextLine>
            <TextLine id="r5l25" custom="readingOrder {index:24;}">
                <Coords points="1400,3501 1426,3499 2219,3499 3149,3501 3167,3503 3305,3518 3305,3550 3247,3560 3213,3560 1738,3559 1400,3546"/>
                <Baseline points="1408,3540 1541,3547 1580,3546 1884,3547 1930,3547 2012,3547 2064,3548 2616,3549 2665,3549 2759,3549 2807,3549 3167,3548 3213,3548 3300,3547"/>
                <TextEquiv>
                    <Unicode>liche Thätigkeit als Spezial-Direktoren der Gesellschaft ge-</Unicode>
                </TextEquiv>
            </TextLine>
            <TextLine id="r5l26" custom="readingOrder {index:25;}">
                <Coords points="1408,3573 1439,3559 1642,3558 1660,3558 1727,3562 1727,3605 1486,3608 1459,3608 1408,3606"/>
                <Baseline points="1408,3606 1611,3605 1642,3605 1727,3604"/>
                <TextEquiv>
                    <Unicode>sichert ist.</Unicode>
                </TextEquiv>
            </TextLine>
            <TextLine id="r5l27" custom="readingOrder {index:26;}">
                <Coords points="1526,3618 2107,3616 2144,3616 3262,3618 3297,3632 3297,3666 3262,3678 3211,3678 1526,3665"/>
                <Baseline points="1526,3665 1834,3663 1853,3664 2078,3664 2107,3664 2196,3664 2219,3664 2306,3664 2324,3664 2567,3666 2589,3666 2697,3666 2720,3666 2815,3666 2839,3666 3050,3665 3072,3665 3297,3666"/>
                <TextEquiv>
                    <Unicode>Besondere Gewähr für die Solidität und das fernere Prospe-</Unicode>
                </TextEquiv>
            </TextLine>
            <TextLine id="r5l28" custom="readingOrder {index:27;}">
                <Coords points="1395,3691 1430,3677 1676,3676 1961,3676 3185,3678 3294,3692 3294,3724 2696,3737 2638,3737 1395,3724"/>
                <Baseline points="1395,3724 1545,3724 1570,3724 1665,3724 1676,3724 2101,3723 2128,3723 2291,3723 2311,3723 2400,3724 2421,3724 2696,3725 2714,3725 2839,3726 2861,3726 3002,3726 3028,3726 3294,3724"/>
                <TextEquiv>
                    <Unicode>riren des Unternehmens bietet der Umstand, dass Herr Kommer-</Unicode>
                </TextEquiv>
            </TextLine>
            <TextLine id="r5l29" custom="readingOrder {index:28;}">
                <Coords points="1397,3751 1433,3736 1538,3735 2215,3735 3203,3737 3273,3738 3298,3739 3298,3784 3121,3797 2744,3797 2145,3794 1397,3783"/>
                <Baseline points="1397,3783 1682,3783 1705,3784 2215,3782 2268,3782 2374,3783 2395,3783 2722,3784 2744,3784 2991,3785 3012,3785 3121,3785 3151,3785 3298,3784"/>
                <TextEquiv>
                    <Unicode>zien-Rath Schwartzkopff sich verbindlich gemacht hat, nicht</Unicode>
                </TextEquiv>
            </TextLine>
            <TextLine id="r5l30" custom="readingOrder {index:29;}">
                <Coords points="1399,3809 1435,3796 1652,3794 1693,3794 3304,3796 3304,3844 2370,3853 2354,3853 1399,3843"/>
                <Baseline points="1399,3842 1563,3842 1596,3842 1693,3840 1723,3840 2167,3840 2200,3840 2530,3840 2556,3840 2747,3842 2771,3842 3172,3844 3205,3844 3304,3843"/>
                <TextEquiv>
                    <Unicode>allein mit mindestens 300,000 Thlr. Aktienkapital auf</Unicode>
                </TextEquiv>
            </TextLine>
            <TextLine id="r5l31" custom="readingOrder {index:30;}">
                <Coords points="1395,3855 1422,3854 2008,3853 2249,3853 3226,3856 3296,3870 3296,3903 2440,3912 1528,3914 1491,3914 1395,3902"/>
                <Baseline points="1395,3901 1623,3900 1658,3900 1774,3899 1811,3899 2083,3899 2116,3899 2180,3899 2214,3899 2440,3899 2473,3901 2704,3902 2736,3902 2871,3902 2905,3902 2990,3902 3070,3902 3296,3903"/>
                <TextEquiv>
                    <Unicode>längere Zeit betheiligt zu bleiben, sondern auch die Direktion</Unicode>
                </TextEquiv>
            </TextLine>
            <TextLine id="r5l32" custom="readingOrder {index:31;}">
                <Coords points="1399,3914 1529,3913 1994,3912 2234,3912 2733,3914 2803,3929 2803,3961 1399,3961"/>
                <Baseline points="1399,3961 1497,3961 1529,3960 1890,3958 1922,3958 2021,3958 2056,3958 2107,3958 2138,3958 2302,3957 2332,3957 2396,3959 2430,3959 2803,3961"/>
                <TextEquiv>
                    <Unicode>der Gesellschaft auf 10 Jahre zu übernehmen.</Unicode>
                </TextEquiv>
            </TextLine>
            <TextLine id="r5l33" custom="readingOrder {index:32;}">
                <Coords points="1519,3972 2072,3969 2088,3969 2980,3971 3117,3972 3277,3987 3298,3998 3298,4008 3277,4019 3171,4020 2127,4029 2092,4029 1519,4020"/>
                <Baseline points="1519,4020 1634,4018 1666,4018 1816,4018 1850,4018 1943,4017 1976,4017 2192,4017 2208,4017 2398,4018 2434,4018 2553,4020 2588,4020 2916,4020 2937,4020 3292,4010"/>
                <TextEquiv>
                    <Unicode>Seit Mitte des vorigen Jahres sind bedeutende Erweiterun-</Unicode>
                </TextEquiv>
            </TextLine>
            <TextLine id="r5l34" custom="readingOrder {index:33;}">
                <Coords points="1390,4045 1531,4032 1625,4031 2135,4028 2198,4028 3298,4032 3298,4078 3182,4092 3162,4092 1390,4090"/>
                <Baseline points="1390,4078 1498,4078 1531,4078 1693,4078 1725,4078 2009,4076 2040,4075 2198,4076 2233,4076 2331,4077 2355,4077 2692,4079 2723,4079 2877,4079 2910,4079 2971,4079 3007,4079 3133,4078 3162,4078 3298,4078"/>
                <TextEquiv>
                    <Unicode>gen theils vollendet, theils der Vollendung nahe, so dass jetzt</Unicode>
                </TextEquiv>
            </TextLine>
            <TextLine id="r5l35" custom="readingOrder {index:34;}">
                <Coords points="1393,4092 1430,4090 1602,4089 1909,4088 2075,4088 3296,4090 3296,4137 2856,4150 2787,4151 2753,4151 1751,4149 1393,4138"/>
                <Baseline points="1393,4138 1477,4138 1525,4138 2075,4136 2124,4136 2217,4136 2260,4136 2703,4139 2753,4139 2925,4138 2976,4138 3158,4137 3203,4137 3296,4136"/>
                <TextEquiv>
                    <Unicode>die Leistungsfähigkeit der Etablissements gegen bisher auf</Unicode>
                </TextEquiv>
            </TextLine>
            <TextLine id="r5l36" custom="readingOrder {index:35;}">
                <Coords points="1383,4149 2131,4144 2155,4144 2292,4149 2292,4195 2155,4214 2131,4214 1608,4210 1383,4198"/>
                <Baseline points="1383,4198 1490,4198 1523,4198 1786,4196 1820,4196 1887,4196 1918,4196 2155,4194 2183,4194 2292,4194"/>
                <TextEquiv>
                    <Unicode>das Doppelte zu schätzen ist.</Unicode>
                </TextEquiv>
            </TextLine>
            <TextLine id="r5l37" custom="readingOrder {index:36;}">
                <Coords points="1513,4209 1953,4207 2375,4206 2420,4206 3238,4207 3292,4221 3292,4254 2192,4269 1764,4269 1513,4256"/>
                <Baseline points="1513,4256 1612,4256 1644,4256 2192,4254 2242,4254 2337,4254 2375,4254 2798,4256 2849,4256 3029,4255 3076,4255 3173,4254 3220,4254 3292,4254"/>
                <TextEquiv>
                    <Unicode>Die Hauptspecialitäten des Unternehmens bilden der im</Unicode>
                </TextEquiv>
            </TextLine>
            <TextLine id="r5l38" custom="readingOrder {index:37;}">
                <Coords points="1392,4268 1730,4267 2300,4266 2316,4266 3260,4267 3291,4281 3291,4314 3060,4315 2775,4316 2710,4316 1392,4315"/>
                <Baseline points="1392,4315 1613,4315 1675,4314 1777,4313 1839,4313 1911,4313 1963,4313 2234,4313 2300,4313 2351,4313 2405,4314 2607,4315 2659,4315 2985,4314 3035,4314 3291,4314"/>
                <TextEquiv>
                    <Unicode>Inlande wie im Auslande in bestem Renommée stehende</Unicode>
                </TextEquiv>
            </TextLine>
            <TextLine id="r5l39" custom="readingOrder {index:38;}">
                <Coords points="1386,4327 2155,4325 3240,4325 3292,4326 3292,4384 2391,4384 1450,4374 1386,4373"/>
                <Baseline points="1392,4372 2047,4372 2079,4372 2185,4372 2219,4372 2458,4373 2486,4373 3292,4371"/>
                <TextEquiv>
                    <Unicode>Locomotivenbau und sonstige Eisenbahnbedarfs-Artikel,</Unicode>
                </TextEquiv>
            </TextLine>
            <TextLine id="r5l40" custom="readingOrder {index:39;}">
                <Coords points="1389,4399 1427,4387 1555,4386 2012,4384 2278,4384 3225,4385 3289,4398 3289,4443 3015,4444 2481,4445 2467,4445 1389,4433"/>
                <Baseline points="1389,4433 1500,4433 1555,4433 2165,4431 2197,4431 2338,4431 2365,4431 2481,4431 2511,4431 2775,4433 2805,4433 3015,4431 3060,4431 3289,4431"/>
                <TextEquiv>
                    <Unicode>als: Eisenkonstruktionen aller Art, Brücken, Hallen, Dächer,</Unicode>
                </TextEquiv>
            </TextLine>
            <TextLine id="r5l41" custom="readingOrder {index:40;}">
                <Coords points="1387,4444 2174,4442 3288,4442 3288,4489 3230,4492 2767,4505 2752,4505 1791,4504 1387,4492"/>
                <Baseline points="1392,4489 1807,4491 1839,4491 2346,4490 2377,4491 2631,4492 2654,4492 2767,4492 2799,4492 2982,4491 3005,4491 3288,4489"/>
                <TextEquiv>
                    <Unicode>Drehscheiben, Wasserstationen, Weichen etc., ferner Giesserei-</Unicode>
                </TextEquiv>
            </TextLine>
            <TextLine id="r5l42" custom="readingOrder {index:41;}">
                <Coords points="1690,4504 2009,4502 2267,4501 2308,4501 3223,4502 3284,4516 3284,4550 2482,4563 2468,4563 1384,4555 1384,4508"/>
                <Baseline points="1396,4551 1784,4550 1816,4550 2228,4549 2267,4550 2482,4551 2534,4551 2653,4551 2685,4551 2799,4550 2832,4550 2917,4550 2949,4550 3160,4550 3191,4550 3284,4550"/>
                <TextEquiv>
                    <Unicode>produkte der verschiedenen Genres, dem sich die Artikel des</Unicode>
                </TextEquiv>
            </TextLine>
            <TextLine id="r5l43" custom="readingOrder {index:42;}">
                <Coords points="1446,4561 1540,4564 1575,4562 3214,4562 3284,4576 3284,4609 3214,4622 2591,4623 2556,4623 2262,4621 2131,4620 1479,4611 1386,4610 1385,4559"/>
                <Baseline points="1393,4609 1716,4609 1735,4609 1846,4609 1862,4609 2351,4609 2373,4609 2537,4610 2556,4611 2807,4611 2822,4611 3284,4609"/>
                <TextEquiv>
                    <Unicode>Maschinen- und Werkzeugbaues, sowie grössere Dampfhammer-</Unicode>
                </TextEquiv>
            </TextLine>
            <TextLine id="r5l44" custom="readingOrder {index:43;}">
                <Coords points="1376,4626 1465,4622 1694,4621 1710,4621 2221,4622 2532,4623 2616,4636 2616,4670 1847,4681 1815,4681 1376,4669"/>
                <Baseline points="1376,4669 1499,4669 1530,4669 2319,4668 2349,4668 2616,4670"/>
                <TextEquiv>
                    <Unicode>und Schmiedepressen-Arbeiten anreihen.</Unicode>
                </TextEquiv>
            </TextLine>
            <TextLine id="r5l45" custom="readingOrder {index:44;}">
                <Coords points="1462,4680 2285,4679 2655,4679 3160,4680 3237,4686 3283,4692 3283,4738 2655,4742 2364,4742 1951,4740 1885,4739 1462,4728"/>
                <Baseline points="1462,4728 1575,4728 1583,4728 2094,4728 2106,4728 2197,4727 2208,4728 2807,4728 2819,4728 3283,4726"/>
                <TextEquiv>
                    <Unicode>Der Erwerbungspreis der Schwartzkopff'schen Etablissements,</Unicode>
                </TextEquiv>
            </TextLine>
            <TextLine id="r5l46" custom="readingOrder {index:45;}">
                <Coords points="1384,4740 1587,4739 2242,4738 3184,4738 3284,4752 3284,4784 2866,4798 2357,4798 1384,4788"/>
                <Baseline points="1384,4788 1552,4787 1587,4787 1956,4785 2004,4785 2092,4785 2147,4785 2181,4784 2217,4785 2328,4785 2357,4785 2405,4785 2452,4786 2543,4787 2574,4787 2866,4787 2915,4787 3011,4787 3041,4786 3284,4776"/>
                <TextEquiv>
                    <Unicode>deren Uebernahme am 1. Juli p. für Rechnung der Berliner</Unicode>
                </TextEquiv>
            </TextLine>
            <TextLine id="r5l47" custom="readingOrder {index:46;}">
                <Coords points="1384,4799 1575,4798 2335,4796 2376,4796 3200,4797 3263,4810 3282,4823 3282,4832 3263,4844 3200,4845 2376,4856 2027,4856 1384,4847"/>
                <Baseline points="1386,4847 2378,4844 2424,4844 2527,4846 2577,4846 2696,4846 2727,4846 3128,4845 3175,4845 3281,4832"/>
                <TextEquiv>
                    <Unicode>Maschinenbau-Aktiengesellschaft von dem Aufsichtsrath der-</Unicode>
                </TextEquiv>
            </TextLine>
            <TextLine id="r5l48" custom="readingOrder {index:47;}">
                <Coords points="1382,4873 1447,4860 1470,4859 2365,4856 3190,4856 3281,4869 3281,4903 2321,4915 1588,4918 1573,4918 1382,4907"/>
                <Baseline points="1382,4907 1588,4906 1636,4905 1797,4904 1830,4904 2321,4904 2365,4904 2462,4904 2505,4904 2575,4905 2609,4905 2820,4905 2852,4905 2957,4905 2990,4905 3281,4902"/>
                <TextEquiv>
                    <Unicode>selben, unter Zugrundelegung der im Beisein von besonders</Unicode>
                </TextEquiv>
            </TextLine>
            <TextLine id="r5l49" custom="readingOrder {index:48;}">
                <Coords points="1377,4918 2327,4913 2342,4913 3125,4917 3200,4921 3283,4929 3283,4973 2620,4975 1603,4976 1568,4976 1377,4966"/>
                <Baseline points="1377,4966 1520,4965 1568,4965 1877,4963 1926,4963 2447,4963 2493,4964 2970,4964 3016,4963 3283,4961"/>
                <TextEquiv>
                    <Unicode>dazu gewählten Sachverständigen aufgenommenen Inventur,</Unicode>
                </TextEquiv>
            </TextLine>
            <TextLine id="r5l50" custom="readingOrder {index:49;}">
                <Coords points="1380,4992 1445,4977 1913,4975 3234,4973 3250,4973 3280,4987 3280,5021 3168,5035 1701,5037 1663,5037 1523,5036 1380,5024"/>
                <Baseline points="1380,5016 1582,5024 1613,5024 1701,5024 1750,5024 1956,5022 1986,5022 2116,5022 2162,5022 2262,5022 2292,5022 2618,5024 2653,5024 2747,5024 2777,5024 2899,5023 2931,5023 3280,5021"/>
                <TextEquiv>
                    <Unicode>erfolgt ist, beläuft sich, mit Ausschluss der zum Kostenpreis</Unicode>
                </TextEquiv>
            </TextLine>
            <TextLine id="r5l51" custom="readingOrder {index:50;}">
                <Coords points="1371,5050 1436,5036 2107,5034 3042,5034 3280,5047 3280,5081 3144,5094 2947,5094 1455,5085 1371,5084"/>
                <Baseline points="1371,5084 1476,5084 1508,5084 1577,5084 1607,5084 2072,5082 2107,5081 2692,5084 2734,5083 2842,5083 2873,5083 3280,5080"/>
                <TextEquiv>
                    <Unicode>mit zu übernehmenden Materialienvorräthe und angefangenen</Unicode>
                </TextEquiv>
            </TextLine>
            <TextLine id="r5l52" custom="readingOrder {index:51;}">
                <Coords points="1375,5095 1745,5094 3170,5094 3276,5107 3276,5141 3206,5151 2123,5154 2109,5154 2004,5153 1375,5143"/>
                <Baseline points="1375,5143 1638,5142 1671,5142 1768,5142 1796,5141 1938,5142 1975,5142 2228,5142 2264,5141 2308,5140 2340,5142 2383,5143 2416,5143 2476,5143 2509,5143 2636,5143 2668,5143 2754,5143 2788,5143 2908,5142 2940,5142 3276,5140"/>
                <TextEquiv>
                    <Unicode>Arbeiten auf Thlr. 1,462,937. 9. 6, so dass bei dem vorläufigen</Unicode>
                </TextEquiv>
            </TextLine>
            <TextLine id="r5l53" custom="readingOrder {index:52;}">
                <Coords points="1381,5154 2345,5149 2375,5149 3244,5153 3277,5167 3277,5200 2797,5215 2375,5219 2345,5219 1638,5215 1381,5202"/>
                <Baseline points="1381,5202 1771,5201 1802,5201 1905,5201 1938,5201 2081,5200 2114,5200 2266,5201 2292,5201 2375,5201 2403,5202 2468,5202 2516,5202 2660,5202 2692,5202 2891,5203 2923,5203 3017,5201 3048,5201 3151,5201 3182,5200 3277,5200"/>
                <TextEquiv>
                    <Unicode>Grundkapital von Thlr. 2,000,000 ca Thlr. 540,000 für den Be-</Unicode>
                </TextEquiv>
            </TextLine>
            <TextLine id="r5l54" custom="readingOrder {index:53;}">
                <Coords points="1371,5214 1433,5213 2200,5212 2372,5212 2690,5215 2722,5229 2722,5262 2690,5263 2287,5273 2253,5273 1735,5272 1371,5260"/>
                <Baseline points="1371,5260 1514,5261 1549,5261 1659,5261 1690,5261 2136,5260 2168,5260 2466,5261 2496,5261 2722,5262"/>
                <TextEquiv>
                    <Unicode>trieb und Erweiterungen disponibel bleiben.</Unicode>
                </TextEquiv>
            </TextLine>
            <TextLine id="r5l55" custom="readingOrder {index:54;}">
                <Coords points="1496,5273 3014,5273 3074,5274 3100,5288 3100,5318 3050,5332 2587,5333 2555,5333 1566,5321 1496,5320"/>
                <Baseline points="1496,5320 1595,5321 1628,5321 1903,5320 1935,5320 2155,5320 2185,5320 2411,5320 2444,5321 2770,5322 2801,5321 2906,5320 2940,5320 3100,5318"/>
                <TextEquiv>
                    <Unicode>Die einzelnen Werthe wurden festgestellt wie folgt:</Unicode>
                </TextEquiv>
            </TextLine>
            <TextLine id="r5l56" custom="readingOrder {index:55;}">
                <Coords points="1471,5333 1536,5332 2032,5331 2421,5331 2529,5333 2593,5348 2593,5380 2555,5381 1484,5389 1426,5385 1426,5329"/>
                <Baseline points="1444,5376 1484,5379 1536,5379 1909,5379 1956,5379 2065,5380 2108,5379 2357,5379 2402,5379 2458,5380 2499,5381 2593,5380"/>
                <TextEquiv>
                    <Unicode>1) Grundstücke und Gebäude in der</Unicode>
                </TextEquiv>
            </TextLine>
            <TextLine id="r5l57" custom="readingOrder {index:56;}">
                <Coords points="1531,5391 2166,5391 3042,5392 3252,5417 3272,5423 3272,5435 2952,5451 2938,5451 1531,5438"/>
                <Baseline points="1531,5438 2011,5438 2058,5438 2166,5438 2201,5438 2592,5440 2624,5440 2766,5440 2844,5439 3056,5439 3088,5438 3163,5437 3196,5436 3272,5435"/>
                <TextEquiv>
                    <Unicode>Chausseestrasse und Ackerstrasse Thlr. 918,655. —. —.</Unicode>
                </TextEquiv>
            </TextLine>
            <TextLine id="r5l58" custom="readingOrder {index:57;}">
                <Coords points="1437,5444 1537,5449 1761,5449 2533,5449 2533,5509 2165,5508 1737,5502 1435,5502"/>
                <Baseline points="1444,5497 1880,5498 1897,5497 2533,5496"/>
                <TextEquiv>
                    <Unicode>2) Sämmtliche Werkzeug-Maschinen</Unicode>
                </TextEquiv>
            </TextLine>
            <TextLine id="r5l59" custom="readingOrder {index:58;}">
                <Coords points="2647,5449 3152,5450 3271,5451 3271,5498 2948,5511 2934,5511 2647,5509"/>
                <Baseline points="2647,5496 2841,5498 3053,5499 3086,5499 3160,5498 3226,5497 3271,5497"/>
                <TextEquiv>
                    <Unicode>„ 337,761. 22. 6.</Unicode>
                </TextEquiv>
            </TextLine>
            <TextLine id="r5l60" custom="readingOrder {index:59;}">
                <Coords points="1531,5508 1577,5508 2432,5509 2591,5512 2591,5559 2145,5569 2061,5569 1995,5568 1434,5567 1436,5506"/>
                <Baseline points="1441,5556 1776,5557 1794,5557 2145,5557 2158,5557 2452,5558 2482,5558 2591,5559"/>
                <TextEquiv>
                    <Unicode>3) Kleinere Werkzeuge, Utensilien und</Unicode>
                </TextEquiv>
            </TextLine>
            <TextLine id="r5l61" custom="readingOrder {index:60;}">
                <Coords points="1529,5566 1652,5566 1902,5566 1902,5619 1656,5617 1533,5617"/>
                <Baseline points="1532,5611 1902,5612"/>
                <TextEquiv>
                    <Unicode>Modelle etc.</Unicode>
                </TextEquiv>
            </TextLine>
            <TextLine id="r5l62" custom="readingOrder {index:61;}">
                <Coords points="2645,5568 3026,5570 3271,5567 3270,5626 3026,5630 2645,5626"/>
                <Baseline points="2645,5616 2843,5618 3266,5622"/>
                <TextEquiv>
                    <Unicode>„ 161,845. 6. 6.</Unicode>
                </TextEquiv>
            </TextLine>
            <TextLine id="r5l63" custom="readingOrder {index:62;}">
                <Coords points="1423,5627 1533,5625 1828,5621 1851,5621 2068,5622 2068,5690 1828,5690 1423,5674"/>
                <Baseline points="1435,5670 2064,5676 2068,5676"/>
                <TextEquiv>
                    <Unicode>4) Giesserei-Inventar</Unicode>
                </TextEquiv>
            </TextLine>
            <TextLine id="r5l64" custom="readingOrder {index:63;}">
                <Coords points="2645,5626 3021,5630 3270,5629 3270,5689 3021,5690 2645,5690"/>
                <Baseline points="2645,5676 2866,5677 3264,5682"/>
                <TextEquiv>
                    <Unicode>„ 29,039. 29. 6.</Unicode>
                </TextEquiv>
            </TextLine>
            <TextLine id="r5l65" custom="readingOrder {index:64;}">
                <Coords points="1529,5685 1793,5685 2266,5687 2379,5688 2545,5690 2582,5704 2582,5737 2431,5749 2415,5749 2175,5748 1567,5743 1434,5735 1434,5687"/>
                <Baseline points="1441,5730 1888,5733 1920,5733 2189,5735 2222,5736 2431,5736 2463,5736 2582,5737"/>
                <TextEquiv>
                    <Unicode>5) Allgemeines Inventar, Pferde, Wa-</Unicode>
                </TextEquiv>
            </TextLine>
            <TextLine id="r5l66" custom="readingOrder {index:65;}">
                <Coords points="1525,5758 1697,5745 1718,5745 1900,5745 1900,5804 1525,5803"/>
                <Baseline points="1525,5792 1633,5790 1667,5791 1763,5791 1796,5791 1879,5791 1900,5791"/>
                <TextEquiv>
                    <Unicode>gen etc. etc.</Unicode>
                </TextEquiv>
            </TextLine>
            <TextLine id="r5l67" custom="readingOrder {index:66;}">
                <Coords points="2644,5747 3004,5748 3035,5749 3259,5747 3264,5797 2940,5808 2926,5808 2644,5806"/>
                <Baseline points="2644,5794 2867,5796 3048,5796 3147,5796 3158,5796 3254,5797 3264,5797"/>
                <TextEquiv>
                    <Unicode>„ 15,635. 11. —.</Unicode>
                </TextEquiv>
            </TextLine>
            <TextLine id="r5l68" custom="readingOrder {index:67;}">
                <Coords points="2212,5820 2357,5820 3047,5823 3263,5826 3263,5872 3047,5883 2928,5883 2818,5881 2234,5868 2212,5867"/>
                <Baseline points="2212,5867 2271,5868 2306,5868 2570,5867 2611,5867 2756,5869 2793,5870 2833,5870 2835,5870 3047,5869 3113,5870 3155,5870 3220,5871 3263,5872"/>
                <TextEquiv>
                    <Unicode>in Summa Thlr. 1,462,937. 9. 6.</Unicode>
                </TextEquiv>
            </TextLine>
            <TextLine id="r5l69" custom="readingOrder {index:68;}">
                <Coords points="1488,5874 1860,5874 3245,5883 3264,5912 3264,5920 3245,5931 2924,5941 1760,5944 1598,5944 1488,5942"/>
                <Baseline points="1488,5924 1565,5924 1598,5924 1674,5921 1703,5921 1801,5922 1824,5922 2114,5925 2144,5926 2521,5930 2555,5929 2681,5929 2713,5929 2768,5929 2792,5929 2956,5929 2991,5929 3084,5929 3122,5929 3264,5918"/>
                <TextEquiv>
                    <Unicode>Es ist mit Sicherheit anzunehmen, dass in Folge der jetzi-</Unicode>
                </TextEquiv>
            </TextLine>
            <TextLine id="r5l70" custom="readingOrder {index:69;}">
                <Coords points="1363,5952 1525,5937 1975,5934 2280,5934 3118,5942 3263,5958 3263,5991 1792,6003 1766,6003 1363,5998"/>
                <Baseline points="1363,5985 1472,5984 1525,5984 1930,5981 1975,5982 2280,5985 2331,5986 2437,5987 2499,5987 2595,5988 2657,5989 2821,5988 2881,5987 3263,5991"/>
                <TextEquiv>
                    <Unicode>gen kriegerischen Ereignisse und der damit verbundenen</Unicode>
                </TextEquiv>
            </TextLine>
            <TextLine id="r5l71" custom="readingOrder {index:70;}">
                <Coords points="1362,6011 1627,5994 2007,5994 2893,6000 3167,6002 3261,6018 3261,6051 2844,6059 1878,6062 1726,6062 1362,6045"/>
                <Baseline points="1362,6045 1930,6041 1961,6041 2284,6045 2315,6045 2405,6046 2436,6046 2844,6048 2876,6048 3261,6051"/>
                <TextEquiv>
                    <Unicode>ausserordentlichen Abnutzung der Lokomotiven, insbesondere</Unicode>
                </TextEquiv>
            </TextLine>
            <TextLine id="r5l72" custom="readingOrder {index:71;}">
                <Coords points="1362,6057 1399,6056 1825,6053 2035,6053 3057,6060 3203,6062 3242,6077 3260,6089 3260,6098 3238,6112 2162,6108 1871,6108 1825,6108 1675,6107 1362,6104"/>
                <Baseline points="1362,6104 1540,6102 1588,6102 1777,6100 1825,6099 1936,6099 1985,6100 2715,6108 2769,6108 3109,6108 3157,6108 3260,6095"/>
                <TextEquiv>
                    <Unicode>dieser Zweig der Maschinenbau-Industrie erheblichen An-</Unicode>
                </TextEquiv>
            </TextLine>
            <TextLine id="r5l73" custom="readingOrder {index:72;}">
                <Coords points="1353,6111 1391,6111 2113,6113 2877,6119 3102,6114 3260,6110 3260,6137 3264,6172 1637,6166 1393,6174 1355,6174"/>
                <Baseline points="1354,6162 1391,6163 1513,6162 1633,6161 1679,6161 1735,6161 1782,6160 2040,6159 2072,6158 2184,6160 2217,6161 2288,6162 2319,6163 2557,6167 2601,6167 2774,6166 2806,6167 2944,6167 2976,6168 3082,6168 3115,6168 3260,6169"/>
                <TextEquiv>
                    <Unicode>sprüchen in nächster Zeit zu genügen haben wird und kann</Unicode>
                </TextEquiv>
            </TextLine>
            <TextLine id="r5l74" custom="readingOrder {index:73;}">
                <Coords points="1391,6172 1485,6174 1987,6171 2028,6171 3043,6179 3225,6181 3258,6195 3258,6229 2968,6239 2954,6239 2342,6233 1426,6222 1362,6221 1358,6170"/>
                <Baseline points="1388,6213 1455,6222 1485,6222 1671,6221 1702,6221 1824,6220 1854,6219 1953,6219 1987,6219 2373,6220 2405,6220 2693,6220 2724,6220 2968,6220 3013,6220 3142,6220 3175,6220 3258,6220"/>
                <TextEquiv>
                    <Unicode>für diesen Fall mit Genugthuung konstatirt werden, dass die</Unicode>
                </TextEquiv>
            </TextLine>
            <TextLine id="r5l75" custom="readingOrder {index:74;}">
                <Coords points="1359,6231 2181,6231 3023,6239 3259,6255 3259,6290 3134,6299 3096,6299 1621,6291 1359,6279"/>
                <Baseline points="1359,6279 1779,6280 1814,6280 1908,6279 1926,6279 2302,6279 2332,6279 2491,6282 2528,6285 2652,6285 2675,6285 2758,6285 2774,6285 3134,6285 3155,6286 3259,6290"/>
                <TextEquiv>
                    <Unicode>Einrichtungen der Werkstätten schon jetzt die Anfertigung von</Unicode>
                </TextEquiv>
            </TextLine>
            <TextLine id="r5l76" custom="readingOrder {index:75;}">
                <Coords points="1350,6293 1393,6292 2036,6289 2064,6289 2333,6291 3081,6298 3225,6301 3256,6315 3256,6347 2188,6353 2162,6353 1350,6338"/>
                <Baseline points="1350,6338 1452,6338 1480,6339 1864,6339 1895,6339 2005,6337 2036,6338 2130,6338 2162,6338 2240,6338 2275,6339 2467,6339 2526,6342 2624,6343 2658,6344 3021,6346 3038,6346 3256,6347"/>
                <TextEquiv>
                    <Unicode>150 Lokomotiven und für ca. 500,000 Thlr. anderweiten Umsatz</Unicode>
                </TextEquiv>
            </TextLine>
            <TextLine id="r5l77" custom="readingOrder {index:76;}">
                <Coords points="1360,6349 2351,6349 2827,6358 3255,6374 3255,6408 3015,6417 2982,6417 2179,6409 1399,6397 1360,6396"/>
                <Baseline points="1360,6396 1457,6397 1487,6397 1752,6399 1800,6399 1911,6398 1960,6398 2053,6398 2103,6398 2457,6398 2486,6399 2932,6405 2982,6405 3079,6405 3115,6405 3255,6405"/>
                <TextEquiv>
                    <Unicode>der Giesserei und des allgemeinen Maschinenbaus pro anno</Unicode>
                </TextEquiv>
            </TextLine>
            <TextLine id="r5l78" custom="readingOrder {index:77;}">
                <Coords points="1405,6407 1461,6410 2006,6409 2022,6409 2552,6412 3204,6417 3222,6419 3256,6433 3256,6467 3063,6476 1628,6459 1482,6459 1357,6456 1357,6402"/>
                <Baseline points="1362,6455 1632,6457 1679,6458 1788,6458 1834,6458 1929,6458 1969,6457 2118,6457 2146,6457 2213,6455 2248,6456 2477,6458 2507,6459 3140,6465 3172,6465 3256,6466"/>
                <TextEquiv>
                    <Unicode>gestatten und mit nicht zu grossen Kostenaufwendungen die</Unicode>
                </TextEquiv>
            </TextLine>
            <TextLine id="r5l79" custom="readingOrder {index:78;}">
                <Coords points="1411,6467 1465,6469 2305,6469 2794,6471 3219,6477 3254,6492 3254,6524 2216,6520 1465,6520 1354,6514 1351,6463"/>
                <Baseline points="1358,6513 1706,6517 1737,6517 1837,6517 1867,6517 2216,6517 2256,6517 2334,6516 2364,6516 2432,6516 2464,6516 2553,6518 2580,6518 2953,6522 2988,6522 3254,6524"/>
                <TextEquiv>
                    <Unicode>Einrichtung zur Herstellung bis zu 200 Lokomotiven zulassen.</Unicode>
                </TextEquiv>
            </TextLine>
            <TextLine id="r5l80" custom="readingOrder {index:79;}">
                <Coords points="1347,6525 1399,6525 2427,6528 2540,6529 3098,6535 3191,6537 3254,6550 3254,6585 1545,6595 1503,6595 1347,6573"/>
                <Baseline points="1347,6573 1466,6573 1503,6574 1622,6574 1668,6575 1786,6577 1835,6577 1929,6577 1961,6577 2322,6577 2365,6575 2460,6576 2504,6576 2638,6577 2684,6578 2713,6578 2756,6578 3026,6582 3056,6582 3254,6585"/>
                <TextEquiv>
                    <Unicode>Zur Zeit sind der Gesellschaft für über 3 Millionen Thaler</Unicode>
                </TextEquiv>
            </TextLine>
            <TextLine id="r5l81" custom="readingOrder {index:80;}">
                <Coords points="1355,6586 1431,6584 1487,6584 2429,6587 3218,6592 3254,6610 3254,6656 3191,6656 1431,6646 1355,6633"/>
                <Baseline points="1355,6632 1650,6633 1696,6634 1901,6635 1949,6635 2070,6636 2104,6636 2256,6636 2301,6636 2379,6635 2412,6635 2494,6636 2527,6636 2661,6637 2694,6637 2811,6638 2843,6638 3254,6643"/>
                <TextEquiv>
                    <Unicode>Aufträge, welche zum Theil bis ins Jahr 1872 hineinreichen,</Unicode>
                </TextEquiv>
            </TextLine>
            <TextLine id="r5l82" custom="readingOrder {index:81;}">
                <Coords points="1349,6657 1432,6642 1465,6642 2666,6648 2799,6649 3098,6653 3252,6669 3252,6702 1597,6714 1560,6714 1349,6691"/>
                <Baseline points="1349,6690 1465,6691 1494,6691 1597,6692 1630,6692 1799,6694 1832,6694 1922,6695 1955,6696 2033,6696 2069,6696 2126,6695 2156,6695 2360,6695 2392,6694 2591,6695 2633,6695 2728,6696 2761,6696 3116,6701 3148,6701 3252,6702"/>
                <TextEquiv>
                    <Unicode>und von denen für ca. 1 ½ Million Thaler der Gesellschaft von</Unicode>
                </TextEquiv>
            </TextLine>
            <TextLine id="r5l83" custom="readingOrder {index:82;}">
                <Coords points="1336,6702 1506,6701 1534,6701 2602,6705 3117,6712 3250,6728 3250,6761 2876,6766 2679,6766 1336,6751"/>
                <Baseline points="1336,6751 1476,6749 1506,6750 1759,6753 1792,6753 2032,6755 2065,6754 2258,6755 2291,6755 2876,6755 2911,6757 3250,6761"/>
                <TextEquiv>
                    <Unicode>dem früheren Besitzer ohne Entschädigung überwiesen</Unicode>
                </TextEquiv>
            </TextLine>
            <TextLine id="r5l84" custom="readingOrder {index:83;}">
                <Coords points="1381,6759 1527,6759 2622,6765 2870,6768 2920,6769 3037,6772 3037,6817 2837,6826 1574,6810 1345,6810 1345,6759"/>
                <Baseline points="1355,6807 1625,6810 1693,6810 1725,6811 2014,6813 2043,6813 2466,6816 2498,6814 2722,6814 2755,6814 3037,6817"/>
                <TextEquiv>
                    <Unicode>wurden, zu durchweg angemessenen Preisen gesichert.</Unicode>
                </TextEquiv>
            </TextLine>
            <TextLine id="r5l85" custom="readingOrder {index:84;}">
                <Coords points="1471,6819 1519,6819 3029,6829 3249,6831 3249,6879 2811,6886 1904,6875 1858,6875 1542,6873 1471,6868"/>
                <Baseline points="1471,6867 1573,6868 1612,6868 2089,6872 2138,6873 2315,6875 2353,6874 2811,6874 2858,6874 3060,6877 3110,6877 3249,6879"/>
                <TextEquiv>
                    <Unicode>Die Rentabilität dieses Unternehmens, welche nach</Unicode>
                </TextEquiv>
            </TextLine>
            <TextLine id="r5l86" custom="readingOrder {index:85;}">
                <Coords points="1327,6881 1667,6880 1700,6880 2899,6885 3191,6891 3247,6894 3247,6937 3193,6937 2354,6936 1327,6930"/>
                <Baseline points="1327,6930 1602,6928 1667,6928 1762,6929 1814,6929 2022,6932 2085,6932 2267,6933 2329,6934 2800,6934 2863,6934 3000,6934 3059,6934 3247,6937"/>
                <TextEquiv>
                    <Unicode>Ausweis der Bücher bisher durchschnittlich über zehn</Unicode>
                </TextEquiv>
            </TextLine>
            <TextEquiv>
                <Unicode>Die im Jahre 1852 zu Berlin gegründete L. Schwartzkopff'sche
Eisengiesserei und Maschinenfabrik umfasst zur Zeit zwei
Etablissements, welche beide unmittelbar an der Stettiner
Bahn liegen, mit dieser und unter sich durch Eisenbahn-Geleise
direkt verbunden sind.
Beide Etablissements nehmen ein Areal von über 19 Mor-
gen ein, von denen jetzt über 8 Morgen mit Arbeitsräumen
bebaut sind.
Diverse Kesselanlagen, welche eine Stärke von ca. 500
Pferdekraft repräsentiren, vermitteln den Betrieb der ausge-
dehnten Werkstätten der Giesserei, der Dampfhammer-Schmiede,
des Kessel-, Brücken- und Maschinenbaues und setzen gegen
500 Arbeitsmaschinen, Hülfswerkzeuge, Dampfmaschinen, Dampf-
hämmer etc. etc. in Gang.
Gebäude wie maschinelle Einrichtungen sind von dem Grün-
der mit grösster Solidität und Sachkenntniss allen Anforde-
rungen der Neuzeit entsprechend ausgeführt; ein, ungeachtet
der vielen Einberufungen zur Armee, noch ca. 1600 Mann star-
kes, anerkannt tüchtig geschultes Beamten- und Arbeiter-
Personal ist von demselben während des achtzehnjährigen
Bestehens der Fabriken herangebildet und es verbleibt die
ausschliessliche Oberleitung dem bisherigen Besitzer unter
Assistenz seiner langjährigen bewährten Prokuristen, der In-
genieure Herren Lemelson und Kaselowsky, deren ausschliess-
liche Thätigkeit als Spezial-Direktoren der Gesellschaft ge-
sichert ist.
Besondere Gewähr für die Solidität und das fernere Prospe-
riren des Unternehmens bietet der Umstand, dass Herr Kommer-
zien-Rath Schwartzkopff sich verbindlich gemacht hat, nicht
allein mit mindestens 300,000 Thlr. Aktienkapital auf
längere Zeit betheiligt zu bleiben, sondern auch die Direktion
der Gesellschaft auf 10 Jahre zu übernehmen.
Seit Mitte des vorigen Jahres sind bedeutende Erweiterun-
gen theils vollendet, theils der Vollendung nahe, so dass jetzt
die Leistungsfähigkeit der Etablissements gegen bisher auf
das Doppelte zu schätzen ist.
Die Hauptspecialitäten des Unternehmens bilden der im
Inlande wie im Auslande in bestem Renommée stehende
Locomotivenbau und sonstige Eisenbahnbedarfs-Artikel,
als: Eisenkonstruktionen aller Art, Brücken, Hallen, Dächer,
Drehscheiben, Wasserstationen, Weichen etc., ferner Giesserei-
produkte der verschiedenen Genres, dem sich die Artikel des
Maschinen- und Werkzeugbaues, sowie grössere Dampfhammer-
und Schmiedepressen-Arbeiten anreihen.
Der Erwerbungspreis der Schwartzkopff'schen Etablissements,
deren Uebernahme am 1. Juli p. für Rechnung der Berliner
Maschinenbau-Aktiengesellschaft von dem Aufsichtsrath der-
selben, unter Zugrundelegung der im Beisein von besonders
dazu gewählten Sachverständigen aufgenommenen Inventur,
erfolgt ist, beläuft sich, mit Ausschluss der zum Kostenpreis
mit zu übernehmenden Materialienvorräthe und angefangenen
Arbeiten auf Thlr. 1,462,937. 9. 6, so dass bei dem vorläufigen
Grundkapital von Thlr. 2,000,000 ca Thlr. 540,000 für den Be-
trieb und Erweiterungen disponibel bleiben.
Die einzelnen Werthe wurden festgestellt wie folgt:
1) Grundstücke und Gebäude in der
Chausseestrasse und Ackerstrasse Thlr. 918,655. —. —.
2) Sämmtliche Werkzeug-Maschinen
„ 337,761. 22. 6.
3) Kleinere Werkzeuge, Utensilien und
Modelle etc.
„ 161,845. 6. 6.
4) Giesserei-Inventar
„ 29,039. 29. 6.
5) Allgemeines Inventar, Pferde, Wa-
gen etc. etc.
„ 15,635. 11. —.
in Summa Thlr. 1,462,937. 9. 6.
Es ist mit Sicherheit anzunehmen, dass in Folge der jetzi-
gen kriegerischen Ereignisse und der damit verbundenen
ausserordentlichen Abnutzung der Lokomotiven, insbesondere
dieser Zweig der Maschinenbau-Industrie erheblichen An-
sprüchen in nächster Zeit zu genügen haben wird und kann
für diesen Fall mit Genugthuung konstatirt werden, dass die
Einrichtungen der Werkstätten schon jetzt die Anfertigung von
150 Lokomotiven und für ca. 500,000 Thlr. anderweiten Umsatz
der Giesserei und des allgemeinen Maschinenbaus pro anno
gestatten und mit nicht zu grossen Kostenaufwendungen die
Einrichtung zur Herstellung bis zu 200 Lokomotiven zulassen.
Zur Zeit sind der Gesellschaft für über 3 Millionen Thaler
Aufträge, welche zum Theil bis ins Jahr 1872 hineinreichen,
und von denen für ca. 1 ½ Million Thaler der Gesellschaft von
dem früheren Besitzer ohne Entschädigung überwiesen
wurden, zu durchweg angemessenen Preisen gesichert.
Die Rentabilität dieses Unternehmens, welche nach
Ausweis der Bücher bisher durchschnittlich über zehn</Unicode>
            </TextEquiv>
        </TextRegion>
        <TextRegion type="paragraph" id="r6" custom="readingOrder {index:5;} structure {type:paragraph;}">
            <Coords points="3385,1273 5345,1274 5340,3620 3358,3620"/>
            <TextLine id="r6l1" custom="readingOrder {index:0;}">
                <Coords points="3407,1285 3468,1285 4824,1291 5242,1302 5310,1317 5310,1351 5217,1353 4881,1357 4456,1357 3913,1349 3407,1334"/>
                <Baseline points="3407,1332 3723,1335 3752,1335 3973,1337 4003,1337 4140,1338 4170,1338 4329,1340 4359,1340 4881,1346 4918,1346 5018,1347 5055,1348 5310,1351"/>
                <TextEquiv>
                    <Unicode>Prozent betrug, wird unter Berücksichtigung der erhöhten</Unicode>
                </TextEquiv>
            </TextLine>
            <TextLine id="r6l2" custom="readingOrder {index:1;}">
                <Coords points="3405,1346 3726,1346 4109,1349 5037,1358 5150,1360 5241,1362 5310,1376 5310,1411 4657,1414 4623,1414 3631,1406 3405,1393"/>
                <Baseline points="3405,1393 3726,1394 3732,1394 3972,1398 4001,1397 4109,1398 4151,1398 4244,1399 4287,1399 4581,1401 4623,1401 4956,1406 4989,1406 5310,1410"/>
                <TextEquiv>
                    <Unicode>Leistungsfähigkeit und der besonders glänzenden Aussichten</Unicode>
                </TextEquiv>
            </TextLine>
            <TextLine id="r6l3" custom="readingOrder {index:2;}">
                <Coords points="3406,1404 3434,1404 3643,1405 5022,1416 5256,1420 5308,1436 5308,1470 5043,1478 4994,1478 4322,1469 3406,1452"/>
                <Baseline points="3406,1452 3506,1453 3540,1453 3643,1452 3675,1452 4379,1458 4416,1459 4594,1461 4624,1461 4751,1463 4778,1463 5145,1467 5177,1467 5308,1469"/>
                <TextEquiv>
                    <Unicode>für den Lokomotivenbau, sicher sehr befriedigend sein.</Unicode>
                </TextEquiv>
            </TextLine>
            <TextLine id="r6l4" custom="readingOrder {index:3;}">
                <Coords points="3528,1465 3763,1465 4264,1469 5228,1478 5250,1480 5310,1495 5310,1528 4846,1533 4808,1533 3996,1528 3528,1512"/>
                <Baseline points="3528,1512 3680,1513 3713,1513 3889,1514 3919,1514 4479,1519 4495,1519 4846,1523 4868,1523 4998,1524 5023,1525 5113,1525 5141,1526 5308,1525"/>
                <TextEquiv>
                    <Unicode>Nach dieser ungeschmeichelten Darstellung darf das Grün-</Unicode>
                </TextEquiv>
            </TextLine>
            <TextLine id="r6l5" custom="readingOrder {index:4;}">
                <Coords points="3407,1524 3677,1524 5147,1534 5309,1554 5309,1587 5147,1597 5018,1597 3517,1583 3407,1571"/>
                <Baseline points="3407,1571 3872,1574 3931,1574 4164,1576 4212,1576 4390,1577 4438,1577 4554,1579 4602,1579 4696,1580 4746,1581 5147,1585 5202,1586 5309,1587"/>
                <TextEquiv>
                    <Unicode>dungs-Comité, welches seiner Zeit das Aktienkapital von</Unicode>
                </TextEquiv>
            </TextLine>
            <TextLine id="r6l6" custom="readingOrder {index:5;}">
                <Coords points="3405,1581 3435,1581 4878,1594 5158,1597 5223,1598 5287,1613 5308,1625 5308,1635 5287,1646 4773,1654 4759,1654 3435,1643 3405,1631"/>
                <Baseline points="3405,1631 3654,1631 3671,1631 3842,1632 3874,1632 4184,1635 4212,1635 4323,1635 4344,1635 4645,1640 4666,1640 4773,1641 4803,1641 4901,1642 4920,1642 5091,1644 5111,1644 5308,1632"/>
                <TextEquiv>
                    <Unicode>2,000,000 Rthlr. gezeichnet und eingezahlt hat, mit voller Ueber-</Unicode>
                </TextEquiv>
            </TextLine>
            <TextLine id="r6l7" custom="readingOrder {index:6;}">
                <Coords points="3405,1656 3817,1645 4123,1645 4472,1648 5218,1657 5252,1658 5285,1672 5307,1684 5307,1695 5285,1706 4034,1706 3510,1701 3405,1688"/>
                <Baseline points="3405,1688 3657,1690 3689,1690 3786,1691 3817,1691 4191,1694 4220,1695 4292,1695 4310,1695 4508,1698 4541,1698 4741,1700 4773,1701 4983,1703 5016,1703 5093,1704 5126,1704 5307,1692"/>
                <TextEquiv>
                    <Unicode>zeugung zur Betheiligung an diesem ebenso soliden als lukra-</Unicode>
                </TextEquiv>
            </TextLine>
            <TextLine id="r6l8" custom="readingOrder {index:7;}">
                <Coords points="3402,1702 3427,1700 3493,1700 3852,1704 4203,1708 4270,1722 4270,1754 4216,1755 4155,1755 4010,1754 3463,1749 3402,1748"/>
                <Baseline points="3402,1748 3546,1749 3578,1749 3977,1753 4010,1753 4270,1746"/>
                <TextEquiv>
                    <Unicode>tiven Unternehmen einladen.</Unicode>
                </TextEquiv>
            </TextLine>
            <TextLine id="r6l9" custom="readingOrder {index:8;}">
                <Coords points="3523,1762 3666,1762 4345,1767 4345,1814 4318,1815 3714,1822 3615,1822 3523,1810"/>
                <Baseline points="3523,1810 3714,1810 3748,1810 3836,1811 3871,1811 3942,1811 3975,1811 4180,1814 4214,1814 4345,1802"/>
                <TextEquiv>
                    <Unicode>Berlin, am 15. Januar 1871.</Unicode>
                </TextEquiv>
            </TextLine>
            <TextLine id="r6l10" custom="readingOrder {index:9;}">
                <Coords points="3524,1819 3588,1819 4807,1827 5227,1831 5261,1833 5305,1847 5305,1881 4889,1891 4780,1891 3524,1868"/>
                <Baseline points="3524,1867 3621,1868 3656,1868 4124,1873 4155,1873 4365,1872 4397,1873 4518,1874 4549,1875 4889,1878 4934,1878 5022,1879 5050,1879 5305,1881"/>
                <TextEquiv>
                    <Unicode>Die unterzeichneten Firmen sind beauftragt, die Hälfte</Unicode>
                </TextEquiv>
            </TextLine>
            <TextLine id="r6l11" custom="readingOrder {index:10;}">
                <Coords points="3405,1878 3437,1878 3660,1879 3963,1883 4059,1885 4123,1899 4123,1932 3864,1942 3833,1942 3405,1926"/>
                <Baseline points="3405,1926 3497,1926 3531,1926 3992,1930 4028,1931 4123,1932"/>
                <TextEquiv>
                    <Unicode>des Aktien-Kapitals der</Unicode>
                </TextEquiv>
            </TextLine>
            <TextLine id="r6l12" custom="readingOrder {index:11;}">
                <Coords points="3504,1941 3686,1941 4605,1947 5164,1951 5186,1958 5193,2034 4861,2040 4828,2045 3510,2024"/>
                <Baseline points="3509,2018 3815,2022 3869,2022 5186,2033"/>
                <TextEquiv>
                    <Unicode>Berliner Maschinenbau-Aktien-Gesellschaft</Unicode>
                </TextEquiv>
            </TextLine>
            <TextLine id="r6l13" custom="readingOrder {index:12;}">
                <Coords points="3401,2050 3434,2035 3498,2035 3498,2085 3434,2085 3401,2083"/>
                <Baseline points="3401,2083 3498,2085"/>
                <TextEquiv>
                    <Unicode>mit</Unicode>
                </TextEquiv>
            </TextLine>
            <TextLine id="r6l14" custom="readingOrder {index:13;}">
                <Coords points="4016,2104 4072,2102 4532,2102 4607,2104 4688,2127 4688,2184 4650,2185 4235,2195 4220,2195 4051,2194 4016,2180"/>
                <Baseline points="4016,2180 4385,2183 4443,2184 4688,2184"/>
                <TextEquiv>
                    <Unicode>1,000,000 Thaler</Unicode>
                </TextEquiv>
            </TextLine>
            <TextLine id="r6l15" custom="readingOrder {index:14;}">
                <Coords points="3398,2192 3416,2192 3607,2193 5031,2204 5301,2221 5301,2255 5233,2255 4183,2248 3517,2241 3398,2239"/>
                <Baseline points="3398,2239 3453,2239 3486,2240 3607,2241 3641,2241 3809,2243 3840,2243 4034,2245 4082,2246 4115,2246 4152,2247 4243,2247 4276,2247 4474,2248 4504,2248 4624,2249 4654,2250 4830,2251 4850,2251 5169,2253 5202,2254 5301,2254"/>
                <TextEquiv>
                    <Unicode>in 5000 Stück Aktien à 200 Thaler zum Pari-Course zur</Unicode>
                </TextEquiv>
            </TextLine>
            <TextLine id="r6l16" custom="readingOrder {index:15;}">
                <Coords points="3402,2253 3436,2252 3745,2252 5243,2266 5298,2280 5298,2314 4131,2318 3974,2318 3461,2302 3402,2299"/>
                <Baseline points="3402,2298 3745,2301 3792,2302 4131,2305 4184,2305 4297,2306 4341,2307 4492,2308 4537,2308 4605,2309 4651,2309 5081,2313 5112,2313 5298,2314"/>
                <TextEquiv>
                    <Unicode>öffentlichen Zeichnung, und zwar zu nachstehenden Bedin-</Unicode>
                </TextEquiv>
            </TextLine>
            <TextLine id="r6l17" custom="readingOrder {index:16;}">
                <Coords points="3400,2325 3720,2314 3747,2314 3830,2316 3991,2331 3991,2362 3898,2374 3864,2374 3400,2370"/>
                <Baseline points="3400,2357 3613,2360 3648,2360 3991,2354"/>
                <TextEquiv>
                    <Unicode>gungen aufzulegen:</Unicode>
                </TextEquiv>
            </TextLine>
            <TextLine id="r6l18" custom="readingOrder {index:17;}">
                <Coords points="3462,2373 3491,2372 3552,2371 3618,2371 4201,2376 4441,2379 4558,2393 4558,2427 3991,2434 3957,2434 3491,2430 3462,2418"/>
                <Baseline points="3462,2418 3508,2418 3552,2419 3650,2420 3683,2420 4060,2422 4091,2422 4271,2423 4306,2424 4441,2426 4473,2426 4558,2427"/>
                <TextEquiv>
                    <Unicode>1) Die Zeichnungen finden statt am</Unicode>
                </TextEquiv>
            </TextLine>
            <TextLine id="r6l19" custom="readingOrder {index:18;}">
                <Coords points="3871,2435 3910,2435 4237,2437 4387,2438 4825,2453 4825,2487 4766,2487 3871,2480"/>
                <Baseline points="3871,2480 3978,2480 4012,2480 4166,2481 4197,2481 4307,2482 4338,2482 4629,2485 4666,2485 4732,2486 4766,2486 4825,2487"/>
                <TextEquiv>
                    <Unicode>23. und 24. Januar a. c.</Unicode>
                </TextEquiv>
            </TextLine>
            <TextLine id="r6l20" custom="readingOrder {index:19;}">
                <Coords points="3474,2503 3577,2490 3609,2490 3758,2491 4323,2495 4692,2498 5026,2501 5220,2517 5220,2551 5122,2560 5086,2560 3577,2538 3474,2535"/>
                <Baseline points="3474,2527 3544,2537 3577,2537 3680,2538 3714,2538 3922,2540 3956,2540 4050,2541 4081,2541 4551,2544 4583,2544 4792,2546 4835,2547 4937,2548 4971,2548 5220,2551"/>
                <TextEquiv>
                    <Unicode>an den Kassen der unterzeichneten Firmen von Morgens</Unicode>
                </TextEquiv>
            </TextLine>
            <TextLine id="r6l21" custom="readingOrder {index:20;}">
                <Coords points="3874,2556 3954,2553 4151,2553 4436,2555 4776,2559 4823,2573 4823,2606 4551,2615 4519,2615 3874,2599"/>
                <Baseline points="3874,2599 3921,2599 3954,2600 4066,2601 4096,2601 4181,2601 4212,2601 4583,2604 4626,2604 4666,2604 4699,2606 4823,2605"/>
                <TextEquiv>
                    <Unicode>9 Uhr bis Nachmittags 4 Uhr.</Unicode>
                </TextEquiv>
            </TextLine>
            <TextLine id="r6l22" custom="readingOrder {index:21;}">
                <Coords points="3456,2607 3489,2606 3506,2606 4932,2618 5234,2621 5299,2634 5299,2669 4888,2676 4840,2676 4075,2671 3489,2667 3456,2654"/>
                <Baseline points="3456,2654 3506,2654 3548,2655 3644,2657 3678,2657 3770,2658 3802,2658 4108,2660 4139,2660 4210,2660 4242,2661 4358,2661 4380,2661 4611,2664 4642,2664 4746,2665 4778,2666 4888,2669 4915,2667 4974,2667 5008,2667 5138,2667 5170,2667 5299,2669"/>
                <TextEquiv>
                    <Unicode>2) Bei der Zeichnung ist eine Kaution von 10 % in baar oder</Unicode>
                </TextEquiv>
            </TextLine>
            <TextLine id="r6l23" custom="readingOrder {index:22;}">
                <Coords points="3551,2683 3714,2671 3784,2670 3818,2670 4713,2674 4750,2692 4750,2725 4629,2725 3614,2717 3551,2716"/>
                <Baseline points="3551,2716 3993,2719 4024,2719 4271,2720 4305,2720 4367,2720 4401,2721 4750,2724"/>
                <TextEquiv>
                    <Unicode>courshabenden Effekten zu hinterlegen.</Unicode>
                </TextEquiv>
            </TextLine>
            <TextLine id="r6l24" custom="readingOrder {index:23;}">
                <Coords points="3456,2731 3644,2729 3684,2729 3970,2730 5012,2736 5225,2739 5296,2753 5296,2788 4396,2791 3504,2792 3488,2792 3456,2778"/>
                <Baseline points="3456,2778 3504,2777 3550,2776 3627,2776 3644,2776 3792,2777 3817,2777 3909,2778 3925,2778 4396,2780 4418,2781 4583,2782 4599,2782 4716,2783 4733,2783 5296,2788"/>
                <TextEquiv>
                    <Unicode>3) Im Falle der Ueberzeichnung findet eine verhältnissmässige</Unicode>
                </TextEquiv>
            </TextLine>
            <TextLine id="r6l25" custom="readingOrder {index:24;}">
                <Coords points="3548,2789 3632,2788 3666,2788 4459,2792 4825,2797 4829,2835 4826,2850 4823,2850 4008,2844 3548,2836"/>
                <Baseline points="3548,2835 3851,2837 3884,2837 3978,2838 4008,2838 4383,2839 4416,2839 4645,2842 4678,2842 4825,2843"/>
                <TextEquiv>
                    <Unicode>Reduktion der gezeichneten Beträge statt.</Unicode>
                </TextEquiv>
            </TextLine>
            <TextLine id="r6l26" custom="readingOrder {index:25;}">
                <Coords points="3454,2850 3486,2848 3754,2848 4225,2850 4425,2851 5014,2855 5263,2857 5294,2871 5294,2905 5083,2914 4854,2914 3486,2909 3454,2895"/>
                <Baseline points="3454,2894 3502,2895 3546,2895 3657,2895 3723,2896 3806,2896 3869,2896 4225,2898 4280,2898 4510,2899 4572,2900 4789,2901 4854,2901 5294,2904"/>
                <TextEquiv>
                    <Unicode>4) Für die zugetheilten Beträge werden volleingezahlte</Unicode>
                </TextEquiv>
            </TextLine>
            <TextLine id="r6l27" custom="readingOrder {index:26;}">
                <Coords points="3546,2910 3660,2907 3674,2907 4858,2914 5298,2917 5298,2972 5178,2972 4323,2970 3760,2967 3546,2955"/>
                <Baseline points="3546,2954 3776,2955 3824,2955 3995,2957 4025,2957 4356,2959 4404,2959 4500,2960 4545,2960 4724,2961 4755,2962 4948,2962 5001,2962 5100,2963 5152,2963 5298,2964"/>
                <TextEquiv>
                    <Unicode>Aktien, gegen Einzahlung der vollen Valuta von 100 %</Unicode>
                </TextEquiv>
            </TextLine>
            <TextLine id="r6l28" custom="readingOrder {index:27;}">
                <Coords points="3551,2981 3626,2967 3782,2966 3810,2966 5101,2974 5235,2975 5272,2976 5291,3002 5291,3011 5272,3023 4790,3033 4758,3033 4331,3028 3551,3014"/>
                <Baseline points="3551,3014 3658,3013 3689,3013 3974,3015 4005,3015 4200,3016 4234,3017 4269,3017 4302,3017 4377,3018 4414,3018 4514,3018 4548,3019 4588,3019 4620,3019 4728,3020 4758,3020 4824,3020 4873,3020 5032,3021 5060,3021 5291,3008"/>
                <TextEquiv>
                    <Unicode>und laufenden Zinsen à 5 % seit 1. Juli p., unter Berück-</Unicode>
                </TextEquiv>
            </TextLine>
            <TextLine id="r6l29" custom="readingOrder {index:28;}">
                <Coords points="3546,3040 3577,3027 3627,3026 3689,3025 3740,3025 5237,3034 5292,3038 5292,3083 5255,3094 5152,3094 4452,3090 3689,3084 3546,3073"/>
                <Baseline points="3546,3073 3853,3074 3885,3074 3979,3075 4012,3075 4184,3076 4216,3076 4349,3077 4382,3077 4694,3079 4731,3079 4857,3080 4887,3080 5292,3082"/>
                <TextEquiv>
                    <Unicode>sichtigung der event. baar deponirten 10 %, ausgehändigt.</Unicode>
                </TextEquiv>
            </TextLine>
            <TextLine id="r6l30" custom="readingOrder {index:29;}">
                <Coords points="3453,3086 3483,3085 4137,3085 4868,3091 5229,3094 5294,3108 5294,3143 4967,3152 4798,3152 3483,3144 3453,3133"/>
                <Baseline points="3453,3133 3500,3133 3543,3132 3642,3131 3690,3132 3830,3133 3861,3133 4195,3135 4239,3135 4349,3136 4394,3136 4537,3137 4587,3138 4669,3138 4701,3138 5156,3141 5198,3141 5294,3143"/>
                <TextEquiv>
                    <Unicode>5) Die volle Einzahlung und resp. die Empfangnahme der</Unicode>
                </TextEquiv>
            </TextLine>
            <TextLine id="r6l31" custom="readingOrder {index:30;}">
                <Coords points="3544,3145 3657,3144 3673,3144 5141,3151 5209,3153 5273,3166 5309,3179 5309,3214 5272,3214 4614,3209 3544,3191"/>
                <Baseline points="3544,3191 3741,3191 3773,3191 3918,3193 3950,3192 4071,3193 4102,3193 4162,3193 4194,3193 4520,3195 4553,3196 4627,3198 4673,3198 4821,3199 4874,3199 5007,3200 5046,3200 5141,3200 5161,3201 5309,3201"/>
                <TextEquiv>
                    <Unicode>Aktien kann vom 1. Februar c., muss aber bei Ver-</Unicode>
                </TextEquiv>
            </TextLine>
            <TextLine id="r6l32" custom="readingOrder {index:31;}">
                <Coords points="3544,3205 3691,3203 3722,3203 4174,3204 4416,3206 5013,3212 5034,3213 5291,3226 5291,3260 4174,3265 4048,3265 3566,3252 3544,3251"/>
                <Baseline points="3544,3251 3660,3251 3691,3251 3785,3251 3817,3251 4174,3253 4204,3253 4439,3255 4486,3255 4566,3256 4600,3256 4723,3256 4754,3256 4859,3257 4890,3257 5215,3259 5248,3259 5291,3260"/>
                <TextEquiv>
                    <Unicode>lust der hinterlegten Kaution bis zum 15. Februar c.</Unicode>
                </TextEquiv>
            </TextLine>
            <TextLine id="r6l33" custom="readingOrder {index:32;}">
                <Coords points="3544,3277 3676,3264 3793,3264 3862,3278 3862,3310 3793,3322 3544,3322"/>
                <Baseline points="3544,3311 3862,3310"/>
                <TextEquiv>
                    <Unicode>geschehen.</Unicode>
                </TextEquiv>
            </TextLine>
            <TextLine id="r6l34" custom="readingOrder {index:33;}">
                <Coords points="3450,3324 3481,3322 3711,3322 3989,3323 4933,3328 5099,3329 5137,3330 5290,3344 5290,3378 4335,3383 3481,3383 3450,3370"/>
                <Baseline points="3450,3370 3497,3370 3538,3370 3780,3368 3816,3369 4430,3372 4463,3372 4672,3374 4706,3374 4807,3375 4840,3375 5004,3376 5033,3376 5200,3377 5221,3377 5290,3378"/>
                <TextEquiv>
                    <Unicode>6) Etwaige Theilzahlungen können nur unter näher zu</Unicode>
                </TextEquiv>
            </TextLine>
            <TextLine id="r6l35" custom="readingOrder {index:34;}">
                <Coords points="3543,3396 3672,3381 3689,3381 4952,3387 5252,3389 5290,3403 5290,3437 5170,3448 5134,3448 4201,3443 3543,3429"/>
                <Baseline points="3543,3429 4001,3430 4031,3430 4415,3432 4464,3432 4557,3433 4601,3433 4702,3433 4736,3434 4831,3434 4863,3434 5170,3436 5200,3436 5290,3437"/>
                <TextEquiv>
                    <Unicode>vereinbarenden Bedingungen mit den zur Zeichnung be-</Unicode>
                </TextEquiv>
            </TextLine>
            <TextLine id="r6l36" custom="readingOrder {index:35;}">
                <Coords points="3543,3455 3616,3440 3855,3440 4944,3447 4996,3448 5291,3462 5291,3496 5258,3507 5205,3507 4520,3504 3729,3500 3543,3489"/>
                <Baseline points="3543,3489 3855,3489 3887,3489 4280,3491 4311,3491 4420,3492 4454,3492 4624,3493 4657,3493 4821,3494 4846,3494 5102,3495 5135,3495 5291,3496"/>
                <TextEquiv>
                    <Unicode>auftragten Bankhäusern und gegen deren Quittung zuge-</Unicode>
                </TextEquiv>
            </TextLine>
            <TextLine id="r6l37" custom="readingOrder {index:36;}">
                <Coords points="3540,3501 3909,3501 4001,3516 4001,3549 3877,3549 3600,3548 3540,3547"/>
                <Baseline points="3540,3547 3726,3547 3758,3547 3976,3548"/>
                <TextEquiv>
                    <Unicode>lassen werden.</Unicode>
                </TextEquiv>
            </TextLine>
            <TextLine id="r6l38" custom="readingOrder {index:37;}">
                <Coords points="3510,3559 3552,3559 4352,3561 4352,3609 3708,3620 3693,3620 3510,3607"/>
                <Baseline points="3510,3607 3708,3607 3742,3608 3845,3608 3879,3608 3947,3608 3981,3608 4187,3609 4220,3609 4352,3609"/>
                <TextEquiv>
                    <Unicode>Berlin, den 15. Januar 1871.</Unicode>
                </TextEquiv>
            </TextLine>
            <TextEquiv>
                <Unicode>Prozent betrug, wird unter Berücksichtigung der erhöhten
Leistungsfähigkeit und der besonders glänzenden Aussichten
für den Lokomotivenbau, sicher sehr befriedigend sein.
Nach dieser ungeschmeichelten Darstellung darf das Grün-
dungs-Comité, welches seiner Zeit das Aktienkapital von
2,000,000 Rthlr. gezeichnet und eingezahlt hat, mit voller Ueber-
zeugung zur Betheiligung an diesem ebenso soliden als lukra-
tiven Unternehmen einladen.
Berlin, am 15. Januar 1871.
Die unterzeichneten Firmen sind beauftragt, die Hälfte
des Aktien-Kapitals der
Berliner Maschinenbau-Aktien-Gesellschaft
mit
1,000,000 Thaler
in 5000 Stück Aktien à 200 Thaler zum Pari-Course zur
öffentlichen Zeichnung, und zwar zu nachstehenden Bedin-
gungen aufzulegen:
1) Die Zeichnungen finden statt am
23. und 24. Januar a. c.
an den Kassen der unterzeichneten Firmen von Morgens
9 Uhr bis Nachmittags 4 Uhr.
2) Bei der Zeichnung ist eine Kaution von 10 % in baar oder
courshabenden Effekten zu hinterlegen.
3) Im Falle der Ueberzeichnung findet eine verhältnissmässige
Reduktion der gezeichneten Beträge statt.
4) Für die zugetheilten Beträge werden volleingezahlte
Aktien, gegen Einzahlung der vollen Valuta von 100 %
und laufenden Zinsen à 5 % seit 1. Juli p., unter Berück-
sichtigung der event. baar deponirten 10 %, ausgehändigt.
5) Die volle Einzahlung und resp. die Empfangnahme der
Aktien kann vom 1. Februar c., muss aber bei Ver-
lust der hinterlegten Kaution bis zum 15. Februar c.
geschehen.
6) Etwaige Theilzahlungen können nur unter näher zu
vereinbarenden Bedingungen mit den zur Zeichnung be-
auftragten Bankhäusern und gegen deren Quittung zuge-
lassen werden.
Berlin, den 15. Januar 1871.</Unicode>
            </TextEquiv>
        </TextRegion>
        <TextRegion type="heading" id="r7" custom="readingOrder {index:6;} structure {type:heading;}">
            <Coords points="3357,3612 5339,3612 5339,3721 3357,3721"/>
            <TextLine id="r7l1" custom="readingOrder {index:0;}">
                <Coords points="3388,3622 3518,3620 4851,3616 4887,3616 5187,3626 5270,3649 5288,3684 5288,3709 4967,3721 4358,3721 4030,3719 3388,3701"/>
                <Baseline points="3388,3700 3699,3701 3735,3701 4510,3703 4563,3703 4887,3705 4923,3705 5288,3707"/>
                <TextEquiv>
                    <Unicode>Berliner Handelsgesellschaft. Gebrüder Schickler.</Unicode>
                </TextEquiv>
            </TextLine>
            <TextEquiv>
                <Unicode>Berliner Handelsgesellschaft. Gebrüder Schickler.</Unicode>
            </TextEquiv>
        </TextRegion>
        <TextRegion id="r8" custom="readingOrder {index:7;} structure {type:reference;}">
            <Coords points="3357,3721 3532,3721 3532,3804 3357,3804"/>
            <TextLine id="r8l1" custom="readingOrder {index:0;}">
                <Coords points="3384,3740 3528,3740 3528,3808 3384,3808"/>
                <Baseline points="3393,3797 3522,3797"/>
                <TextEquiv>
                    <Unicode>[152]</Unicode>
                </TextEquiv>
            </TextLine>
            <TextEquiv>
                <Unicode>[152]</Unicode>
            </TextEquiv>
        </TextRegion>
        <TextRegion type="heading" id="r9" custom="readingOrder {index:8;} structure {type:heading;}">
            <Coords points="3736,3741 4933,3737 4937,3806 3740,3810"/>
            <TextLine id="r9l1" custom="readingOrder {index:0;}">
                <Coords points="3752,3747 4108,3747 4808,3748 4923,3764 4923,3800 4817,3806 4637,3807 4592,3807 4318,3805 4199,3804 3752,3796"/>
                <Baseline points="3752,3796 4521,3795 4571,3797 4923,3797"/>
                <TextEquiv>
                    <Unicode>Cottbus⸗Großenhainer Eiſenbahn.</Unicode>
                </TextEquiv>
            </TextLine>
            <TextEquiv>
                <Unicode>Cottbus⸗Großenhainer Eiſenbahn.</Unicode>
            </TextEquiv>
        </TextRegion>
        <TextRegion type="paragraph" id="r10" custom="readingOrder {index:9;} structure {type:paragraph;}">
            <Coords points="3357,3804 5339,3804 5339,4755 3357,4755"/>
            <TextLine id="r10l1" custom="readingOrder {index:0;}">
                <Coords points="3511,3806 4454,3806 5213,3811 5268,3812 5286,3833 5286,3850 5268,3860 5213,3869 4991,3870 4895,3870 4400,3869 3675,3866 3511,3855"/>
                <Baseline points="3511,3855 3603,3853 3638,3854 3867,3854 3901,3854 3976,3854 4010,3854 4861,3858 4895,3859 5078,3860 5112,3860 5286,3845"/>
                <TextEquiv>
                    <Unicode>Bei Ausgabe der Prioritäts⸗Stammaktien unſerer Geſell⸗</Unicode>
                </TextEquiv>
            </TextLine>
            <TextLine id="r10l2" custom="readingOrder {index:1;}">
                <Coords points="3387,3866 3440,3865 3790,3865 4739,3867 5154,3870 5250,3871 5287,3884 5287,3921 5250,3931 3951,3931 3409,3922 3387,3913"/>
                <Baseline points="3387,3913 3522,3913 3568,3913 3621,3913 3669,3913 3790,3912 3823,3914 3965,3913 3996,3913 4030,3913 4070,3913 4164,3915 4194,3915 4368,3913 4402,3912 4551,3916 4584,3916 4664,3917 4697,3918 4947,3918 4985,3918 5078,3919 5109,3919 5287,3921"/>
                <TextEquiv>
                    <Unicode>ſchaft iſt jeder Aktie à 200 Thaler Nom. zur Erhebung von Zinſen</Unicode>
                </TextEquiv>
            </TextLine>
            <TextLine id="r10l3" custom="readingOrder {index:2;}">
                <Coords points="3391,3925 4396,3925 4461,3926 4461,3974 4215,3985 4180,3985 3444,3982 3391,3971"/>
                <Baseline points="3391,3971 3611,3973 3648,3973 3915,3972 3947,3972 4026,3973 4059,3973 4147,3973 4180,3973 4307,3974 4339,3974 4461,3974"/>
                <TextEquiv>
                    <Unicode>bezüglich Dividende für das Jahr 1870</Unicode>
                </TextEquiv>
            </TextLine>
            <TextLine id="r10l4" custom="readingOrder {index:3;}">
                <Coords points="3452,3984 3559,3983 3760,3983 4593,3986 5246,3989 5283,4001 5283,4039 4941,4043 4898,4043 3866,4041 3701,4038 3452,4030"/>
                <Baseline points="3452,4030 3525,4029 3559,4030 3819,4031 3866,4030 3943,4031 3976,4031 4063,4031 4100,4032 4202,4032 4235,4033 4473,4033 4506,4033 4624,4034 4661,4034 4773,4035 4805,4036 4837,4036 4870,4037 5046,4037 5074,4037 5175,4037 5210,4038 5283,4039"/>
                <TextEquiv>
                    <Unicode>ein Coupon für das erſte Semeſter 1870 über 5 Thaler und ein</Unicode>
                </TextEquiv>
            </TextLine>
            <TextLine id="r10l5" custom="readingOrder {index:4;}">
                <Coords points="3450,4041 3816,4041 4646,4045 5118,4048 5151,4061 5151,4096 5118,4107 4875,4107 3779,4098 3450,4091"/>
                <Baseline points="3450,4091 4045,4091 4080,4091 4167,4091 4198,4091 4286,4091 4320,4091 4446,4092 4482,4092 4597,4093 4630,4093 4838,4094 4875,4094 5151,4096"/>
                <TextEquiv>
                    <Unicode>Dividendenſchein, auf das Jahr 1870 lautend, beigegeben.</Unicode>
                </TextEquiv>
            </TextLine>
            <TextLine id="r10l6" custom="readingOrder {index:5;}">
                <Coords points="3509,4100 3612,4100 4463,4103 5160,4106 5225,4107 5285,4119 5285,4156 5225,4162 5129,4162 3984,4161 3576,4158 3509,4150"/>
                <Baseline points="3509,4150 3743,4148 3794,4149 3861,4150 3895,4150 4164,4149 4200,4149 4294,4150 4329,4150 4573,4151 4607,4153 4693,4153 4726,4153 4797,4153 4832,4154 4985,4154 5021,4154 5097,4154 5129,4154 5285,4156"/>
                <TextEquiv>
                    <Unicode>Nachdem die Eröffnung des Betriebes auf der Bahn am 21ſten</Unicode>
                </TextEquiv>
            </TextLine>
            <TextLine id="r10l7" custom="readingOrder {index:6;}">
                <Coords points="3385,4160 3531,4160 4184,4161 5112,4165 5285,4168 5285,4216 4941,4223 4824,4223 3896,4221 3416,4219 3385,4207"/>
                <Baseline points="3385,4207 3531,4208 3560,4208 3604,4208 3640,4208 3689,4208 3726,4208 3907,4209 3950,4209 4001,4209 4035,4209 4109,4209 4145,4209 4351,4210 4384,4210 4466,4209 4499,4209 4584,4210 4620,4210 4724,4212 4756,4212 4996,4213 5029,4213 5144,4215 5177,4216 5285,4216"/>
                <TextEquiv>
                    <Unicode>April v. J. erfolgt, iſt der Coupon für das erſte Semeſter 1870 laut</Unicode>
                </TextEquiv>
            </TextLine>
            <TextLine id="r10l8" custom="readingOrder {index:7;}">
                <Coords points="3386,4233 3459,4220 4380,4220 4566,4221 4912,4223 5124,4225 5283,4228 5283,4284 5083,4284 3718,4277 3423,4268 3386,4266"/>
                <Baseline points="3386,4266 3570,4266 3603,4266 4056,4268 4090,4268 4206,4268 4242,4268 4314,4268 4345,4268 4475,4267 4511,4268 4627,4270 4672,4271 4755,4270 4789,4271 4830,4271 4866,4271 4978,4272 5013,4273 5054,4273 5083,4274 5138,4274 5171,4275 5283,4276"/>
                <TextEquiv>
                    <Unicode>unſerer Bekanntmachung vom 14. Juni 1870 am 1. Juli v. J. nach</Unicode>
                </TextEquiv>
            </TextLine>
            <TextLine id="r10l9" custom="readingOrder {index:8;}">
                <Coords points="3385,4279 3457,4278 3892,4278 4520,4280 5163,4284 5221,4286 5282,4298 5282,4334 5163,4340 5038,4342 4877,4342 3385,4337"/>
                <Baseline points="3385,4325 3425,4325 3457,4325 3521,4326 3567,4326 3648,4326 3684,4326 3892,4327 3939,4327 4031,4327 4077,4327 4105,4327 4138,4328 4273,4326 4312,4326 4520,4328 4555,4328 4763,4328 4808,4328 5038,4331 5075,4331 5163,4331 5196,4331 5282,4334"/>
                <TextEquiv>
                    <Unicode>§. 20 des Statuts mit 5 Thlr. eingelöſt worden, Zahlung auf den</Unicode>
                </TextEquiv>
            </TextLine>
            <TextLine id="r10l10" custom="readingOrder {index:9;}">
                <Coords points="3385,4338 3523,4337 3537,4337 4428,4338 4650,4339 5194,4342 5280,4356 5280,4404 4983,4404 4201,4399 3811,4394 3385,4386"/>
                <Baseline points="3385,4386 3955,4385 4002,4385 4090,4385 4142,4385 4262,4385 4313,4385 4479,4386 4525,4386 4671,4388 4724,4388 4802,4389 4836,4389 4944,4390 4983,4390 5280,4393"/>
                <TextEquiv>
                    <Unicode>Dividendenſchein pro 1870 erfolgt jedoch erſt nach Feſtſtellung</Unicode>
                </TextEquiv>
            </TextLine>
            <TextLine id="r10l11" custom="readingOrder {index:10;}">
                <Coords points="3383,4397 3490,4395 3544,4395 4320,4396 4897,4399 5245,4403 5282,4417 5282,4452 5245,4454 4897,4458 4631,4459 4591,4459 3853,4454 3490,4446 3413,4444 3383,4443"/>
                <Baseline points="3383,4443 3456,4444 3490,4444 3759,4444 3809,4445 3938,4445 3974,4444 4042,4444 4075,4444 4146,4444 4177,4444 4235,4445 4270,4446 4487,4446 4518,4446 4560,4445 4591,4445 4644,4447 4677,4447 5152,4452 5187,4452 5282,4452"/>
                <TextEquiv>
                    <Unicode>der Dividende durch die im II. Quartal d. J. zuſammentretende Ge⸗</Unicode>
                </TextEquiv>
            </TextLine>
            <TextLine id="r10l12" custom="readingOrder {index:11;}">
                <Coords points="3379,4467 3500,4456 3597,4455 3777,4455 4312,4456 4806,4459 5056,4461 5223,4463 5278,4466 5278,4512 5056,4521 5032,4521 3852,4513 3597,4510 3379,4502"/>
                <Baseline points="3379,4502 3891,4504 3939,4504 4048,4503 4098,4504 4192,4504 4238,4504 4431,4504 4478,4505 4615,4507 4644,4508 4867,4507 4910,4508 5002,4505 5032,4504 5070,4507 5103,4508 5160,4509 5197,4511 5278,4512"/>
                <TextEquiv>
                    <Unicode>neralverſammlung, was wir hiermit unter Hinweis auf §. 21 des</Unicode>
                </TextEquiv>
            </TextLine>
            <TextLine id="r10l13" custom="readingOrder {index:12;}">
                <Coords points="3379,4514 3871,4514 4557,4515 5169,4518 5259,4534 5278,4545 5278,4561 5259,4573 5169,4578 4752,4578 3907,4574 3405,4571 3379,4565"/>
                <Baseline points="3379,4565 3871,4563 3907,4563 3991,4563 4021,4563 4263,4563 4300,4564 4371,4564 4404,4564 4622,4567 4654,4567 4730,4567 4752,4567 5278,4557"/>
                <TextEquiv>
                    <Unicode>Geſellſchaftsſtatuts zur Kenntniß der Inhaber der Prioritäts⸗Stamm⸗</Unicode>
                </TextEquiv>
            </TextLine>
            <TextLine id="r10l14" custom="readingOrder {index:13;}">
                <Coords points="3376,4586 3408,4575 3450,4574 3680,4574 3769,4586 3769,4623 3694,4632 3656,4632 3376,4623"/>
                <Baseline points="3376,4623 3524,4622 3559,4622 3769,4621"/>
                <TextEquiv>
                    <Unicode>aktien bringen.</Unicode>
                </TextEquiv>
            </TextLine>
            <TextLine id="r10l15" custom="readingOrder {index:14;}">
                <Coords points="3500,4632 4276,4632 4306,4633 4331,4634 4348,4673 4348,4682 4021,4691 3723,4692 3712,4692 3500,4682"/>
                <Baseline points="3500,4682 3723,4678 3758,4680 3845,4680 3879,4680 3950,4680 3983,4681 4184,4680 4217,4680 4348,4682"/>
                <TextEquiv>
                    <Unicode>Cottbus, den 12. Januar 1871.</Unicode>
                </TextEquiv>
            </TextLine>
            <TextLine id="r10l16" custom="readingOrder {index:15;}">
                <Coords points="4120,4692 4463,4692 4528,4693 4528,4743 4463,4749 4274,4749 4120,4741"/>
                <Baseline points="4120,4741 4224,4741 4274,4741 4528,4743"/>
                <TextEquiv>
                    <Unicode>Der Vorſtand.</Unicode>
                </TextEquiv>
            </TextLine>
            <TextEquiv>
                <Unicode>Bei Ausgabe der Prioritäts⸗Stammaktien unſerer Geſell⸗
ſchaft iſt jeder Aktie à 200 Thaler Nom. zur Erhebung von Zinſen
bezüglich Dividende für das Jahr 1870
ein Coupon für das erſte Semeſter 1870 über 5 Thaler und ein
Dividendenſchein, auf das Jahr 1870 lautend, beigegeben.
Nachdem die Eröffnung des Betriebes auf der Bahn am 21ſten
April v. J. erfolgt, iſt der Coupon für das erſte Semeſter 1870 laut
unſerer Bekanntmachung vom 14. Juni 1870 am 1. Juli v. J. nach
§. 20 des Statuts mit 5 Thlr. eingelöſt worden, Zahlung auf den
Dividendenſchein pro 1870 erfolgt jedoch erſt nach Feſtſtellung
der Dividende durch die im II. Quartal d. J. zuſammentretende Ge⸗
neralverſammlung, was wir hiermit unter Hinweis auf §. 21 des
Geſellſchaftsſtatuts zur Kenntniß der Inhaber der Prioritäts⸗Stamm⸗
aktien bringen.
Cottbus, den 12. Januar 1871.
Der Vorſtand.</Unicode>
            </TextEquiv>
        </TextRegion>
        <TextRegion type="heading" id="r11" custom="readingOrder {index:10;} structure {type:heading;}">
            <Coords points="3730,4808 4918,4807 4917,4904 3729,4902"/>
            <TextLine id="r11l1" custom="readingOrder {index:0;}">
                <Coords points="3735,4832 4172,4832 4824,4834 4909,4855 4909,4895 4824,4903 4553,4903 3777,4900 3735,4890"/>
                <Baseline points="3735,4889 4172,4889 4210,4889 4909,4895"/>
                <TextEquiv>
                    <Unicode>Verſchiedene Bekanntmachungen.</Unicode>
                </TextEquiv>
            </TextLine>
            <TextEquiv>
                <Unicode>Verſchiedene Bekanntmachungen.</Unicode>
            </TextEquiv>
        </TextRegion>
        <TextRegion id="r12" custom="readingOrder {index:11;} structure {type:reference;}">
            <Coords points="3360,4901 3529,4901 3528,4964 3359,4962"/>
            <TextLine id="r12l1" custom="readingOrder {index:0;}">
                <Coords points="3403,4906 3427,4905 3516,4905 3516,4963 3461,4963 3369,4961 3369,4905"/>
                <Baseline points="3374,4953 3506,4951"/>
                <TextEquiv>
                    <Unicode>[151]</Unicode>
                </TextEquiv>
            </TextLine>
            <TextEquiv>
                <Unicode>[151]</Unicode>
            </TextEquiv>
        </TextRegion>
        <TextRegion type="heading" id="r13" custom="readingOrder {index:12;} structure {type:heading;}">
            <Coords points="3359,4962 3528,4964 3529,4901 5313,4901 5311,5077 3357,5077"/>
            <TextLine id="r13l1" custom="readingOrder {index:0;}">
                <Coords points="3359,4962 3549,4961 5333,4961 5315,5023 3361,5023"/>
                <Baseline points="3370,5015 5279,5021"/>
                <TextEquiv>
                    <Unicode>Vermögensüberſicht der Oſtpreußiſchen landſchaftlichen</Unicode>
                </TextEquiv>
            </TextLine>
            <TextLine id="r13l2" custom="readingOrder {index:1;}">
                <Coords points="3686,5018 4972,5018 4972,5084 3686,5084"/>
                <Baseline points="3692,5072 4966,5078"/>
                <TextEquiv>
                    <Unicode>Darlehnskaſſe am 31. Dezember 1870.</Unicode>
                </TextEquiv>
            </TextLine>
            <TextEquiv>
                <Unicode>Vermögensüberſicht der Oſtpreußiſchen landſchaftlichen
Darlehnskaſſe am 31. Dezember 1870.</Unicode>
            </TextEquiv>
        </TextRegion>
        <TableRegion id="Table_1642067549902_15532" custom="readingOrder {index:13;}">
            <Coords points="3328,5080 5292,5077 5292,6265 3328,6268"/>
            <TableCell row="0" col="0" rowSpan="1" colSpan="7" id="TableCell_1642067642581_16400">
                <Coords points="3337,5076 3335,5133 4416,5133 4653,5133 4810,5133 4917,5133 5060,5133 5173,5133 5292,5133 5292,5077 5173,5076 5060,5076 4917,5076 4810,5076 4653,5076 4416,5076"/>
                <TextLine id="TableCell_1642067642581_16400l0" custom="readingOrder {index:0;}">
                    <Coords points="4154,5081 4285,5076 4552,5076 4552,5132 4543,5133 4206,5133 4154,5131"/>
                    <Baseline points="4154,5131 4408,5130 4444,5131 4552,5132"/>
                    <TextEquiv>
                        <Unicode>Aktiva.</Unicode>
                    </TextEquiv>
                </TextLine>
                <TextEquiv>
                    <Unicode></Unicode>
                </TextEquiv>
                <CornerPts>0 1 8 9</CornerPts>
            </TableCell>
            <TableCell row="1" col="0" rowSpan="1" colSpan="1" id="TableCell_1642067631013_16283">
                <Coords points="3335,5133 3334,5196 4416,5196 4416,5133"/>
                <TextLine id="TableCell_1642067631013_16283l0" custom="readingOrder {index:0;}">
                    <Coords points="3367,5145 3390,5143 3520,5140 3824,5140 4106,5141 4196,5142 4264,5143 4325,5154 4325,5189 3886,5196 3439,5196 3367,5190"/>
                    <Baseline points="3367,5190 3873,5189 3905,5189 4003,5189 4039,5190 4325,5186"/>
                    <TextEquiv>
                        <Unicode>Kaſſenanweiſungen und Banknoten</Unicode>
                    </TextEquiv>
                </TextLine>
                <TextEquiv>
                    <Unicode></Unicode>
                </TextEquiv>
                <CornerPts>0 1 2 3</CornerPts>
            </TableCell>
            <TableCell row="1" col="1" rowSpan="1" colSpan="1" id="TableCell_1642067631013_16281">
                <Coords points="4416,5133 4416,5196 4653,5196 4653,5133"/>
                <TextLine id="TableCell_1642067631013_16281l0" custom="readingOrder {index:0;}">
                    <Coords points="4465,5143 4495,5191 4643,5191 4643,5143"/>
                    <Baseline points="4502,5187 4640,5190"/>
                    <TextEquiv>
                        <Unicode>6,945</Unicode>
                    </TextEquiv>
                </TextLine>
                <TextEquiv>
                    <Unicode></Unicode>
                </TextEquiv>
                <CornerPts>0 1 2 3</CornerPts>
            </TableCell>
            <TableCell row="1" col="2" rowSpan="1" colSpan="1" id="TableCell_1642067627717_16161">
                <Coords points="4653,5133 4653,5196 4810,5196 4810,5133"/>
                <TextLine id="TableCell_1642067627717_16161l0" custom="readingOrder {index:0;}">
                    <Coords points="4675,5143 4807,5143 4807,5199 4675,5199"/>
                    <Baseline points="4678,5196 4805,5196"/>
                    <TextEquiv>
                        <Unicode>Thlr.</Unicode>
                    </TextEquiv>
                </TextLine>
                <TextEquiv>
                    <Unicode></Unicode>
                </TextEquiv>
                <CornerPts>0 1 2 3</CornerPts>
            </TableCell>
            <TableCell row="1" col="3" rowSpan="1" colSpan="1" id="TableCell_1642067626130_16041">
                <Coords points="4810,5133 4810,5196 4917,5196 4917,5133"/>
                <TextLine id="TableCell_1642067626130_16041l0" custom="readingOrder {index:0;}">
                    <Coords points="4823,5140 4903,5140 4903,5188 4823,5188"/>
                    <Baseline points="4823,5176 4903,5176"/>
                    <TextEquiv>
                        <Unicode>—</Unicode>
                    </TextEquiv>
                </TextLine>
                <TextEquiv>
                    <Unicode></Unicode>
                </TextEquiv>
                <CornerPts>0 1 2 3</CornerPts>
            </TableCell>
            <TableCell row="1" col="4" rowSpan="1" colSpan="1" id="TableCell_1642067623218_15921">
                <Coords points="4917,5133 4917,5196 5060,5196 5060,5133"/>
                <TextLine id="TableCell_1642067623218_15921l0" custom="readingOrder {index:0;}">
                    <Coords points="4926,5131 4915,5140 4926,5194 5060,5196 5058,5140"/>
                    <Baseline points="4927,5194 5056,5195"/>
                    <TextEquiv>
                        <Unicode>Sgr.</Unicode>
                    </TextEquiv>
                </TextLine>
                <TextEquiv>
                    <Unicode></Unicode>
                </TextEquiv>
                <CornerPts>0 1 2 3</CornerPts>
            </TableCell>
            <TableCell row="1" col="5" rowSpan="1" colSpan="1" id="TableCell_1642067621426_15801">
                <Coords points="5060,5133 5060,5196 5173,5196 5173,5133"/>
                <TextLine id="TableCell_1642067621426_15801l0" custom="readingOrder {index:0;}">
                    <Coords points="5062,5158 5175,5158 5173,5190 5060,5190 5060,5133"/>
                    <Baseline points="5060,5180 5173,5180"/>
                    <TextEquiv>
                        <Unicode>—</Unicode>
                    </TextEquiv>
                </TextLine>
                <TextEquiv>
                    <Unicode></Unicode>
                </TextEquiv>
                <CornerPts>0 1 2 3</CornerPts>
            </TableCell>
            <TableCell row="1" col="6" rowSpan="1" colSpan="1" id="TableCell_1642067619286_15681">
                <Coords points="5173,5133 5173,5196 5292,5196 5292,5133"/>
                <TextLine id="TableCell_1642067619286_15681l0" custom="readingOrder {index:0;}">
                    <Coords points="5173,5140 5292,5140 5292,5203 5173,5203"/>
                    <Baseline points="5173,5202 5292,5202"/>
                    <TextEquiv>
                        <Unicode>Pf.</Unicode>
                    </TextEquiv>
                </TextLine>
                <TextEquiv>
                    <Unicode></Unicode>
                </TextEquiv>
                <CornerPts>0 1 2 3</CornerPts>
            </TableCell>
            <TableCell row="2" col="0" rowSpan="1" colSpan="1" id="TableCell_1642067631032_16289">
                <Coords points="3334,5196 3333,5260 4416,5260 4416,5196"/>
                <TextLine id="TableCell_1642067631032_16289l0" custom="readingOrder {index:0;}">
                    <Coords points="3369,5202 3797,5196 3800,5202 3803,5236 3803,5247 3796,5250 3560,5260 3447,5260 3387,5251 3369,5248"/>
                    <Baseline points="3369,5248 3637,5249 3678,5250 3803,5247"/>
                    <TextEquiv>
                        <Unicode>Geprägtes Geld</Unicode>
                    </TextEquiv>
                </TextLine>
                <TextEquiv>
                    <Unicode></Unicode>
                </TextEquiv>
                <CornerPts>0 1 2 3</CornerPts>
            </TableCell>
            <TableCell row="2" col="1" rowSpan="1" colSpan="1" id="TableCell_1642067631032_16287">
                <Coords points="4416,5196 4416,5260 4653,5260 4653,5196"/>
                <TextLine id="TableCell_1642067631032_16287l0" custom="readingOrder {index:0;}">
                    <Coords points="4527,5204 4527,5252 4635,5252 4635,5204"/>
                    <Baseline points="4534,5248 4626,5248"/>
                    <TextEquiv>
                        <Unicode>750</Unicode>
                    </TextEquiv>
                </TextLine>
                <TextEquiv>
                    <Unicode></Unicode>
                </TextEquiv>
                <CornerPts>0 1 2 3</CornerPts>
            </TableCell>
            <TableCell row="2" col="2" rowSpan="1" colSpan="1" id="TableCell_1642067627734_16167">
                <Coords points="4653,5196 4653,5260 4810,5260 4810,5196"/>
                <TextLine id="line_1645044824437_466" custom="readingOrder {index:0;}">
                    <Coords points="4704,5204 4756,5204 4756,5252 4704,5252"/>
                    <Baseline points="4705,5243 4752,5245"/>
                    <TextEquiv>
                        <Unicode>„</Unicode>
                    </TextEquiv>
                </TextLine>
                <TextEquiv>
                    <Unicode></Unicode>
                </TextEquiv>
                <CornerPts>0 1 2 3</CornerPts>
            </TableCell>
            <TableCell row="2" col="3" rowSpan="1" colSpan="1" id="TableCell_1642067626147_16047">
                <Coords points="4810,5196 4810,5260 4917,5260 4917,5196"/>
                <TextLine id="TableCell_1642067626147_16047l0" custom="readingOrder {index:0;}">
                    <Coords points="4864,5203 4861,5207 4864,5251 4903,5252 4903,5204"/>
                    <Baseline points="4864,5251 4903,5249"/>
                    <TextEquiv>
                        <Unicode>6</Unicode>
                    </TextEquiv>
                </TextLine>
                <TextEquiv>
                    <Unicode></Unicode>
                </TextEquiv>
                <CornerPts>0 1 2 3</CornerPts>
            </TableCell>
            <TableCell row="2" col="4" rowSpan="1" colSpan="1" id="TableCell_1642067623232_15927">
                <Coords points="4917,5196 4917,5260 5060,5260 5060,5196"/>
                <TextLine id="TableCell_1642067623232_15927l0" custom="readingOrder {index:0;}">
                    <Coords points="4966,5208 5008,5206 5008,5254 4967,5256"/>
                    <Baseline points="4975,5252 5008,5251"/>
                    <TextEquiv>
                        <Unicode>„</Unicode>
                    </TextEquiv>
                </TextLine>
                <TextEquiv>
                    <Unicode></Unicode>
                </TextEquiv>
                <CornerPts>0 1 2 3</CornerPts>
            </TableCell>
            <TableCell row="2" col="5" rowSpan="1" colSpan="1" id="TableCell_1642067621450_15807">
                <Coords points="5060,5196 5060,5260 5173,5260 5173,5196"/>
                <TextLine id="TableCell_1642067621450_15807l0" custom="readingOrder {index:0;}">
                    <Coords points="5107,5205 5158,5204 5158,5254 5112,5256 5101,5218"/>
                    <Baseline points="5115,5252 5158,5252"/>
                    <TextEquiv>
                        <Unicode>7</Unicode>
                    </TextEquiv>
                </TextLine>
                <TextEquiv>
                    <Unicode></Unicode>
                </TextEquiv>
                <CornerPts>0 1 2 3</CornerPts>
            </TableCell>
            <TableCell row="2" col="6" rowSpan="1" colSpan="1" id="TableCell_1642067619323_15687">
                <Coords points="5173,5196 5173,5260 5292,5260 5292,5196"/>
                <TextLine id="TableCell_1642067619323_15687l0" custom="readingOrder {index:0;}">
                    <Coords points="5187,5204 5199,5252 5243,5253 5243,5205 5199,5204"/>
                    <Baseline points="5201,5252 5241,5251"/>
                    <TextEquiv>
                        <Unicode>„</Unicode>
                    </TextEquiv>
                </TextLine>
                <TextEquiv>
                    <Unicode></Unicode>
                </TextEquiv>
                <CornerPts>0 1 2 3</CornerPts>
            </TableCell>
            <TableCell row="3" col="0" rowSpan="1" colSpan="1" id="TableCell_1642067631053_16295">
                <Coords points="3333,5260 3332,5318 4416,5318 4416,5260"/>
                <TextLine id="TableCell_1642067631053_16295l0" custom="readingOrder {index:0;}">
                    <Coords points="3333,5260 3614,5256 3614,5314 3364,5318 3365,5260"/>
                    <Baseline points="3375,5303 3606,5307"/>
                    <TextEquiv>
                        <Unicode>Coupons</Unicode>
                    </TextEquiv>
                </TextLine>
                <TextEquiv>
                    <Unicode></Unicode>
                </TextEquiv>
                <CornerPts>0 1 2 3</CornerPts>
            </TableCell>
            <TableCell row="3" col="1" rowSpan="1" colSpan="1" id="TableCell_1642067631053_16293">
                <Coords points="4416,5260 4416,5318 4653,5318 4653,5260"/>
                <TextLine id="TableCell_1642067631053_16293l0" custom="readingOrder {index:0;}">
                    <Coords points="4486,5262 4623,5263 4623,5310 4487,5310 4487,5267"/>
                    <Baseline points="4496,5305 4623,5309"/>
                    <TextEquiv>
                        <Unicode>1,115</Unicode>
                    </TextEquiv>
                </TextLine>
                <TextEquiv>
                    <Unicode></Unicode>
                </TextEquiv>
                <CornerPts>0 1 2 3</CornerPts>
            </TableCell>
            <TableCell row="3" col="2" rowSpan="1" colSpan="1" id="TableCell_1642067627751_16173">
                <Coords points="4653,5260 4653,5318 4810,5318 4810,5260"/>
                <TextLine id="TableCell_1642067627751_16173l0" custom="readingOrder {index:0;}">
                    <Coords points="4718,5283 4743,5283 4743,5307 4718,5307"/>
                    <Baseline points="4718,5307 4743,5307"/>
                    <TextEquiv>
                        <Unicode>„</Unicode>
                    </TextEquiv>
                </TextLine>
                <TextEquiv>
                    <Unicode></Unicode>
                </TextEquiv>
                <CornerPts>0 1 2 3</CornerPts>
            </TableCell>
            <TableCell row="3" col="3" rowSpan="1" colSpan="1" id="TableCell_1642067626164_16053">
                <Coords points="4810,5260 4810,5318 4917,5318 4917,5260"/>
                <TextLine id="TableCell_1642067626164_16053l0" custom="readingOrder {index:0;}">
                    <Coords points="4823,5267 4903,5267 4903,5310 4823,5310"/>
                    <Baseline points="4825,5310 4903,5310"/>
                    <TextEquiv>
                        <Unicode>27</Unicode>
                    </TextEquiv>
                </TextLine>
                <TextEquiv>
                    <Unicode></Unicode>
                </TextEquiv>
                <CornerPts>0 1 2 3</CornerPts>
            </TableCell>
            <TableCell row="3" col="4" rowSpan="1" colSpan="1" id="TableCell_1642067623247_15933">
                <Coords points="4917,5260 4917,5318 5060,5318 5060,5260"/>
                <TextLine id="TableCell_1642067623247_15933l0" custom="readingOrder {index:0;}">
                    <Coords points="4978,5285 5004,5285 5004,5309 4978,5309"/>
                    <Baseline points="4978,5308 5004,5309"/>
                    <TextEquiv>
                        <Unicode>„</Unicode>
                    </TextEquiv>
                </TextLine>
                <TextEquiv>
                    <Unicode></Unicode>
                </TextEquiv>
                <CornerPts>0 1 2 3</CornerPts>
            </TableCell>
            <TableCell row="3" col="5" rowSpan="1" colSpan="1" id="TableCell_1642067621478_15813">
                <Coords points="5060,5260 5060,5318 5173,5318 5173,5260"/>
                <TextLine id="TableCell_1642067621478_15813l0" custom="readingOrder {index:0;}">
                    <Coords points="5111,5267 5108,5268 5111,5310 5158,5310 5158,5267"/>
                    <Baseline points="5114,5310 5158,5310"/>
                    <TextEquiv>
                        <Unicode>1</Unicode>
                    </TextEquiv>
                </TextLine>
                <TextEquiv>
                    <Unicode></Unicode>
                </TextEquiv>
                <CornerPts>0 1 2 3</CornerPts>
            </TableCell>
            <TableCell row="3" col="6" rowSpan="1" colSpan="1" id="TableCell_1642067619359_15693">
                <Coords points="5173,5260 5173,5318 5292,5318 5292,5260"/>
                <TextLine id="TableCell_1642067619359_15693l0" custom="readingOrder {index:0;}">
                    <Coords points="5203,5258 5203,5316 5236,5316 5236,5272"/>
                    <Baseline points="5205,5314 5235,5314"/>
                    <TextEquiv>
                        <Unicode>„</Unicode>
                    </TextEquiv>
                </TextLine>
                <TextEquiv>
                    <Unicode></Unicode>
                </TextEquiv>
                <CornerPts>0 1 2 3</CornerPts>
            </TableCell>
            <TableCell row="4" col="0" rowSpan="1" colSpan="1" id="TableCell_1642067631068_16301">
                <Coords points="3332,5318 3331,5372 4416,5372 4416,5318"/>
                <TextLine id="TableCell_1642067631068_16301l0" custom="readingOrder {index:0;}">
                    <Coords points="3356,5316 3352,5322 3355,5370 4098,5374 4098,5320"/>
                    <Baseline points="3371,5370 4093,5367"/>
                    <TextEquiv>
                        <Unicode>Poſt⸗ und Stempelmarken</Unicode>
                    </TextEquiv>
                </TextLine>
                <TextEquiv>
                    <Unicode></Unicode>
                </TextEquiv>
                <CornerPts>0 1 2 3</CornerPts>
            </TableCell>
            <TableCell row="4" col="1" rowSpan="1" colSpan="1" id="TableCell_1642067631068_16299">
                <Coords points="4416,5318 4416,5372 4653,5372 4653,5318"/>
                <TextLine id="TableCell_1642067631068_16299l0" custom="readingOrder {index:0;}">
                    <Coords points="4533,5322 4641,5320 4641,5371 4533,5371 4531,5326"/>
                    <Baseline points="4539,5369 4637,5368"/>
                    <TextEquiv>
                        <Unicode>132</Unicode>
                    </TextEquiv>
                </TextLine>
                <TextEquiv>
                    <Unicode></Unicode>
                </TextEquiv>
                <CornerPts>0 1 2 3</CornerPts>
            </TableCell>
            <TableCell row="4" col="2" rowSpan="1" colSpan="1" id="TableCell_1642067627769_16179">
                <Coords points="4653,5318 4653,5372 4810,5372 4810,5318"/>
                <TextLine id="TableCell_1642067627769_16179l0" custom="readingOrder {index:0;}">
                    <Coords points="4716,5331 4747,5329 4747,5370 4716,5372"/>
                    <Baseline points="4719,5369 4743,5366"/>
                    <TextEquiv>
                        <Unicode>„</Unicode>
                    </TextEquiv>
                </TextLine>
                <TextEquiv>
                    <Unicode></Unicode>
                </TextEquiv>
                <CornerPts>0 1 2 3</CornerPts>
            </TableCell>
            <TableCell row="4" col="3" rowSpan="1" colSpan="1" id="TableCell_1642067626181_16059">
                <Coords points="4810,5318 4810,5372 4917,5372 4917,5318"/>
                <TextLine id="TableCell_1642067626181_16059l0" custom="readingOrder {index:0;}">
                    <Coords points="4823,5324 4903,5324 4903,5375 4823,5375"/>
                    <Baseline points="4828,5374 4903,5374"/>
                    <TextEquiv>
                        <Unicode>13</Unicode>
                    </TextEquiv>
                </TextLine>
                <TextEquiv>
                    <Unicode></Unicode>
                </TextEquiv>
                <CornerPts>0 1 2 3</CornerPts>
            </TableCell>
            <TableCell row="4" col="4" rowSpan="1" colSpan="1" id="TableCell_1642067623261_15939">
                <Coords points="4917,5318 4917,5372 5060,5372 5060,5318"/>
                <TextLine id="TableCell_1642067623261_15939l0" custom="readingOrder {index:0;}">
                    <Coords points="4980,5343 5006,5343 5006,5369 4980,5369"/>
                    <Baseline points="4980,5369 5006,5369"/>
                    <TextEquiv>
                        <Unicode>„</Unicode>
                    </TextEquiv>
                </TextLine>
                <TextEquiv>
                    <Unicode></Unicode>
                </TextEquiv>
                <CornerPts>0 1 2 3</CornerPts>
            </TableCell>
            <TableCell row="4" col="5" rowSpan="1" colSpan="1" id="TableCell_1642067621500_15819">
                <Coords points="5060,5318 5060,5372 5173,5372 5173,5318"/>
                <TextLine id="TableCell_1642067621500_15819l0" custom="readingOrder {index:0;}">
                    <Coords points="5063,5348 5060,5349 5060,5363 5173,5363 5173,5349"/>
                    <Baseline points="5060,5358 5173,5358"/>
                    <TextEquiv>
                        <Unicode>—</Unicode>
                    </TextEquiv>
                </TextLine>
                <TextEquiv>
                    <Unicode></Unicode>
                </TextEquiv>
                <CornerPts>0 1 2 3</CornerPts>
            </TableCell>
            <TableCell row="4" col="6" rowSpan="1" colSpan="1" id="TableCell_1642067619385_15699">
                <Coords points="5173,5318 5173,5372 5292,5372 5292,5318"/>
                <TextLine id="TableCell_1642067619385_15699l0" custom="readingOrder {index:0;}">
                    <Coords points="5211,5346 5237,5346 5237,5371 5211,5371"/>
                    <Baseline points="5211,5370 5237,5371"/>
                    <TextEquiv>
                        <Unicode>„</Unicode>
                    </TextEquiv>
                </TextLine>
                <TextEquiv>
                    <Unicode></Unicode>
                </TextEquiv>
                <CornerPts>0 1 2 3</CornerPts>
            </TableCell>
            <TableCell row="5" col="0" rowSpan="1" colSpan="1" id="TableCell_1642067631085_16307">
                <Coords points="3331,5372 3330,5442 4416,5442 4416,5372"/>
                <TextLine id="TableCell_1642067631085_16307l1" custom="readingOrder {index:0;}">
                    <Coords points="3366,5379 3417,5379 3680,5381 3709,5391 3709,5426 3434,5442 3366,5442"/>
                    <Baseline points="3366,5428 3709,5426"/>
                    <TextEquiv>
                        <Unicode>Effektenkonto</Unicode>
                    </TextEquiv>
                </TextLine>
                <TextEquiv>
                    <Unicode></Unicode>
                </TextEquiv>
                <CornerPts>0 1 2 3</CornerPts>
            </TableCell>
            <TableCell row="5" col="1" rowSpan="1" colSpan="1" id="TableCell_1642067631085_16305">
                <Coords points="4416,5372 4416,5442 4653,5442 4653,5372"/>
                <TextLine id="TableCell_1642067631085_16305l0" custom="readingOrder {index:0;}">
                    <Coords points="4430,5384 4492,5382 4537,5381 4567,5381 4628,5384 4628,5430 4533,5439 4523,5439 4430,5429"/>
                    <Baseline points="4430,5429 4628,5430"/>
                    <TextEquiv>
                        <Unicode>319,266</Unicode>
                    </TextEquiv>
                </TextLine>
                <TextEquiv>
                    <Unicode></Unicode>
                </TextEquiv>
                <CornerPts>0 1 2 3</CornerPts>
            </TableCell>
            <TableCell row="5" col="2" rowSpan="1" colSpan="1" id="TableCell_1642067627788_16185">
                <Coords points="4653,5372 4653,5442 4810,5442 4810,5372"/>
                <TextLine id="TableCell_1642067627788_16185l0" custom="readingOrder {index:0;}">
                    <Coords points="4707,5392 4704,5393 4704,5433 4748,5433 4748,5393"/>
                    <Baseline points="4707,5432 4745,5431"/>
                    <TextEquiv>
                        <Unicode>„</Unicode>
                    </TextEquiv>
                </TextLine>
                <TextEquiv>
                    <Unicode></Unicode>
                </TextEquiv>
                <CornerPts>0 1 2 3</CornerPts>
            </TableCell>
            <TableCell row="5" col="3" rowSpan="1" colSpan="1" id="TableCell_1642067626193_16065">
                <Coords points="4810,5372 4810,5442 4917,5442 4917,5372"/>
                <TextLine id="TableCell_1642067626193_16065l0" custom="readingOrder {index:0;}">
                    <Coords points="4853,5382 4903,5380 4903,5433 4857,5435 4857,5382"/>
                    <Baseline points="4860,5430 4903,5431"/>
                    <TextEquiv>
                        <Unicode>9</Unicode>
                    </TextEquiv>
                </TextLine>
                <TextEquiv>
                    <Unicode></Unicode>
                </TextEquiv>
                <CornerPts>0 1 2 3</CornerPts>
            </TableCell>
            <TableCell row="5" col="4" rowSpan="1" colSpan="1" id="TableCell_1642067623276_15945">
                <Coords points="4917,5372 4917,5442 5060,5442 5060,5372"/>
                <TextLine id="TableCell_1642067623276_15945l0" custom="readingOrder {index:0;}">
                    <Coords points="4974,5402 5001,5402 5001,5428 4974,5428"/>
                    <Baseline points="4974,5428 5001,5428"/>
                    <TextEquiv>
                        <Unicode>„</Unicode>
                    </TextEquiv>
                </TextLine>
                <TextEquiv>
                    <Unicode></Unicode>
                </TextEquiv>
                <CornerPts>0 1 2 3</CornerPts>
            </TableCell>
            <TableCell row="5" col="5" rowSpan="1" colSpan="1" id="TableCell_1642067621517_15825">
                <Coords points="5060,5372 5060,5442 5173,5442 5173,5372"/>
                <TextLine id="TableCell_1642067621517_15825l0" custom="readingOrder {index:0;}">
                    <Coords points="5105,5380 5103,5382 5105,5433 5158,5433 5158,5380"/>
                    <Baseline points="5111,5432 5156,5433"/>
                    <TextEquiv>
                        <Unicode>6</Unicode>
                    </TextEquiv>
                </TextLine>
                <TextEquiv>
                    <Unicode></Unicode>
                </TextEquiv>
                <CornerPts>0 1 2 3</CornerPts>
            </TableCell>
            <TableCell row="5" col="6" rowSpan="1" colSpan="1" id="TableCell_1642067619397_15705">
                <Coords points="5173,5372 5173,5442 5292,5442 5292,5372"/>
                <TextLine id="TableCell_1642067619397_15705l0" custom="readingOrder {index:0;}">
                    <Coords points="5201,5382 5238,5379 5238,5432 5201,5435"/>
                    <Baseline points="5207,5433 5233,5432"/>
                    <TextEquiv>
                        <Unicode>„</Unicode>
                    </TextEquiv>
                </TextLine>
                <TextEquiv>
                    <Unicode></Unicode>
                </TextEquiv>
                <CornerPts>0 1 2 3</CornerPts>
            </TableCell>
            <TableCell row="6" col="0" rowSpan="1" colSpan="1" id="TableCell_1642067631101_16313">
                <Coords points="3330,5442 3330,5498 4416,5498 4416,5442"/>
                <TextLine id="TableCell_1642067631101_16313l0" custom="readingOrder {index:0;}">
                    <Coords points="3355,5437 3746,5437 3746,5493 3355,5493"/>
                    <Baseline points="3362,5486 3734,5486"/>
                    <TextEquiv>
                        <Unicode>Lombardkonto</Unicode>
                    </TextEquiv>
                </TextLine>
                <TextEquiv>
                    <Unicode></Unicode>
                </TextEquiv>
                <CornerPts>0 1 2 3</CornerPts>
            </TableCell>
            <TableCell row="6" col="1" rowSpan="1" colSpan="1" id="TableCell_1642067631101_16311">
                <Coords points="4416,5442 4416,5498 4653,5498 4653,5442"/>
                <TextLine id="TableCell_1642067631101_16311l0" custom="readingOrder {index:0;}">
                    <Coords points="4416,5442 4466,5498 4653,5498 4653,5442"/>
                    <Baseline points="4469,5486 4653,5484"/>
                    <TextEquiv>
                        <Unicode>41,635</Unicode>
                    </TextEquiv>
                </TextLine>
                <TextEquiv>
                    <Unicode></Unicode>
                </TextEquiv>
                <CornerPts>0 1 2 3</CornerPts>
            </TableCell>
            <TableCell row="6" col="2" rowSpan="1" colSpan="1" id="TableCell_1642067627802_16191">
                <Coords points="4653,5442 4653,5498 4810,5498 4810,5442"/>
                <TextLine id="TableCell_1642067627802_16191l0" custom="readingOrder {index:0;}">
                    <Coords points="4719,5461 4741,5461 4741,5486 4719,5486"/>
                    <Baseline points="4719,5483 4741,5486"/>
                    <TextEquiv>
                        <Unicode>„</Unicode>
                    </TextEquiv>
                </TextLine>
                <TextEquiv>
                    <Unicode></Unicode>
                </TextEquiv>
                <CornerPts>0 1 2 3</CornerPts>
            </TableCell>
            <TableCell row="6" col="3" rowSpan="1" colSpan="1" id="TableCell_1642067626206_16071">
                <Coords points="4810,5442 4810,5498 4917,5498 4917,5442"/>
                <TextLine id="TableCell_1642067626206_16071l0" custom="readingOrder {index:0;}">
                    <Coords points="4810,5452 4810,5490 4917,5490 4917,5452"/>
                    <Baseline points="4810,5484 4917,5484"/>
                    <TextEquiv>
                        <Unicode>—</Unicode>
                    </TextEquiv>
                </TextLine>
                <TextEquiv>
                    <Unicode></Unicode>
                </TextEquiv>
                <CornerPts>0 1 2 3</CornerPts>
            </TableCell>
            <TableCell row="6" col="4" rowSpan="1" colSpan="1" id="TableCell_1642067623291_15951">
                <Coords points="4917,5442 4917,5498 5060,5498 5060,5442"/>
                <TextLine id="TableCell_1642067623291_15951l0" custom="readingOrder {index:0;}">
                    <Coords points="4967,5451 5009,5453 5009,5495 4967,5493"/>
                    <Baseline points="4975,5490 5007,5493"/>
                    <TextEquiv>
                        <Unicode>„</Unicode>
                    </TextEquiv>
                </TextLine>
                <TextEquiv>
                    <Unicode></Unicode>
                </TextEquiv>
                <CornerPts>0 1 2 3</CornerPts>
            </TableCell>
            <TableCell row="6" col="5" rowSpan="1" colSpan="1" id="TableCell_1642067621528_15831">
                <Coords points="5060,5442 5060,5498 5173,5498 5173,5442"/>
                <TextLine id="TableCell_1642067621528_15831l0" custom="readingOrder {index:0;}">
                    <Coords points="5060,5442 5173,5442 5173,5498 5060,5498"/>
                    <Baseline points="5060,5484 5173,5484"/>
                    <TextEquiv>
                        <Unicode>—</Unicode>
                    </TextEquiv>
                </TextLine>
                <TextEquiv>
                    <Unicode></Unicode>
                </TextEquiv>
                <CornerPts>0 1 2 3</CornerPts>
            </TableCell>
            <TableCell row="6" col="6" rowSpan="1" colSpan="1" id="TableCell_1642067619407_15711">
                <Coords points="5173,5442 5173,5498 5292,5498 5292,5442"/>
                <TextLine id="TableCell_1642067619407_15711l0" custom="readingOrder {index:0;}">
                    <Coords points="5205,5451 5243,5451 5243,5493 5205,5493"/>
                    <Baseline points="5208,5491 5239,5491"/>
                    <TextEquiv>
                        <Unicode>„</Unicode>
                    </TextEquiv>
                </TextLine>
                <TextEquiv>
                    <Unicode></Unicode>
                </TextEquiv>
                <CornerPts>0 1 2 3</CornerPts>
            </TableCell>
            <TableCell row="7" col="0" rowSpan="1" colSpan="1" id="TableCell_1642067631118_16319">
                <Coords points="3330,5498 3329,5559 4416,5559 4416,5498"/>
                <TextLine id="TableCell_1642067631118_16319l0" custom="readingOrder {index:0;}">
                    <Coords points="3361,5499 3638,5499 3724,5502 3755,5510 3755,5545 3515,5556 3384,5556 3361,5546"/>
                    <Baseline points="3361,5546 3755,5545"/>
                    <TextEquiv>
                        <Unicode>Utenſilienkonto</Unicode>
                    </TextEquiv>
                </TextLine>
                <TextEquiv>
                    <Unicode></Unicode>
                </TextEquiv>
                <CornerPts>0 1 2 3</CornerPts>
            </TableCell>
            <TableCell row="7" col="1" rowSpan="1" colSpan="1" id="TableCell_1642067631118_16317">
                <Coords points="4416,5498 4416,5559 4653,5559 4653,5498"/>
                <TextLine id="TableCell_1642067631118_16317l0" custom="readingOrder {index:0;}">
                    <Coords points="4495,5499 4635,5501 4635,5549 4497,5551 4497,5505"/>
                    <Baseline points="4499,5548 4631,5548"/>
                    <TextEquiv>
                        <Unicode>1,202</Unicode>
                    </TextEquiv>
                </TextLine>
                <TextEquiv>
                    <Unicode></Unicode>
                </TextEquiv>
                <CornerPts>0 1 2 3</CornerPts>
            </TableCell>
            <TableCell row="7" col="2" rowSpan="1" colSpan="1" id="TableCell_1642067627817_16197">
                <Coords points="4653,5498 4653,5559 4810,5559 4810,5498"/>
                <TextLine id="TableCell_1642067627817_16197l0" custom="readingOrder {index:0;}">
                    <Coords points="4704,5498 4765,5498 4765,5559 4704,5559"/>
                    <Baseline points="4704,5551 4763,5551"/>
                    <TextEquiv>
                        <Unicode>„</Unicode>
                    </TextEquiv>
                </TextLine>
                <TextEquiv>
                    <Unicode></Unicode>
                </TextEquiv>
                <CornerPts>0 1 2 3</CornerPts>
            </TableCell>
            <TableCell row="7" col="3" rowSpan="1" colSpan="1" id="TableCell_1642067626219_16077">
                <Coords points="4810,5498 4810,5559 4917,5559 4917,5498"/>
                <TextLine id="TableCell_1642067626219_16077l0" custom="readingOrder {index:0;}">
                    <Coords points="4823,5505 4903,5505 4903,5551 4823,5551"/>
                    <Baseline points="4828,5550 4903,5550"/>
                    <TextEquiv>
                        <Unicode>18</Unicode>
                    </TextEquiv>
                </TextLine>
                <TextEquiv>
                    <Unicode></Unicode>
                </TextEquiv>
                <CornerPts>0 1 2 3</CornerPts>
            </TableCell>
            <TableCell row="7" col="4" rowSpan="1" colSpan="1" id="TableCell_1642067623307_15957">
                <Coords points="4917,5498 4917,5559 5060,5559 5060,5498"/>
                <TextLine id="TableCell_1642067623307_15957l0" custom="readingOrder {index:0;}">
                    <Coords points="4975,5510 5016,5512 5016,5558 4975,5556"/>
                    <Baseline points="4976,5551 5010,5548"/>
                    <TextEquiv>
                        <Unicode>„</Unicode>
                    </TextEquiv>
                </TextLine>
                <TextEquiv>
                    <Unicode></Unicode>
                </TextEquiv>
                <CornerPts>0 1 2 3</CornerPts>
            </TableCell>
            <TableCell row="7" col="5" rowSpan="1" colSpan="1" id="TableCell_1642067621538_15837">
                <Coords points="5060,5498 5060,5559 5173,5559 5173,5498"/>
                <TextLine id="TableCell_1642067621538_15837l0" custom="readingOrder {index:0;}">
                    <Coords points="5106,5498 5155,5496 5155,5557 5106,5559"/>
                    <Baseline points="5112,5554 5148,5552"/>
                    <TextEquiv>
                        <Unicode>6</Unicode>
                    </TextEquiv>
                </TextLine>
                <TextEquiv>
                    <Unicode></Unicode>
                </TextEquiv>
                <CornerPts>0 1 2 3</CornerPts>
            </TableCell>
            <TableCell row="7" col="6" rowSpan="1" colSpan="1" id="TableCell_1642067619418_15717">
                <Coords points="5173,5498 5173,5559 5292,5559 5292,5498"/>
                <TextLine id="TableCell_1642067619418_15717l0" custom="readingOrder {index:0;}">
                    <Coords points="5204,5510 5238,5510 5238,5556 5204,5556"/>
                    <Baseline points="5208,5551 5236,5551"/>
                    <TextEquiv>
                        <Unicode>„</Unicode>
                    </TextEquiv>
                </TextLine>
                <TextEquiv>
                    <Unicode></Unicode>
                </TextEquiv>
                <CornerPts>0 1 2 3</CornerPts>
            </TableCell>
            <TableCell row="8" col="0" rowSpan="1" colSpan="1" id="TableCell_1642067631136_16325">
                <Coords points="3329,5559 3329,5613 4416,5613 4416,5559"/>
                <TextLine id="TableCell_1642067631136_16325l0" custom="readingOrder {index:0;}">
                    <Coords points="3381,5555 3405,5559 3854,5554 4066,5560 4059,5610 3900,5611 3854,5613 3402,5613 3365,5615 3362,5559"/>
                    <Baseline points="3365,5611 4050,5605"/>
                    <TextEquiv>
                        <Unicode>Hypotheken⸗Vorſchußkonto</Unicode>
                    </TextEquiv>
                </TextLine>
                <TextEquiv>
                    <Unicode></Unicode>
                </TextEquiv>
                <CornerPts>0 1 2 3</CornerPts>
            </TableCell>
            <TableCell row="8" col="1" rowSpan="1" colSpan="1" id="TableCell_1642067631136_16323">
                <Coords points="4416,5559 4416,5613 4653,5613 4653,5559"/>
                <TextLine id="TableCell_1642067631136_16323l0" custom="readingOrder {index:0;}">
                    <Coords points="4435,5560 4539,5560 4631,5561 4631,5608 4435,5608"/>
                    <Baseline points="4435,5607 4631,5608"/>
                    <TextEquiv>
                        <Unicode>355,048</Unicode>
                    </TextEquiv>
                </TextLine>
                <TextEquiv>
                    <Unicode></Unicode>
                </TextEquiv>
                <CornerPts>0 1 2 3</CornerPts>
            </TableCell>
            <TableCell row="8" col="2" rowSpan="1" colSpan="1" id="TableCell_1642067627833_16203">
                <Coords points="4653,5559 4653,5613 4810,5613 4810,5559"/>
                <TextLine id="TableCell_1642067627833_16203l0" custom="readingOrder {index:0;}">
                    <Coords points="4713,5568 4745,5568 4745,5609 4713,5609"/>
                    <Baseline points="4717,5606 4743,5604"/>
                    <TextEquiv>
                        <Unicode>„</Unicode>
                    </TextEquiv>
                </TextLine>
                <TextEquiv>
                    <Unicode></Unicode>
                </TextEquiv>
                <CornerPts>0 1 2 3</CornerPts>
            </TableCell>
            <TableCell row="8" col="3" rowSpan="1" colSpan="1" id="TableCell_1642067626232_16083">
                <Coords points="4810,5559 4810,5613 4917,5613 4917,5559"/>
                <TextLine id="TableCell_1642067626232_16083l0" custom="readingOrder {index:0;}">
                    <Coords points="4867,5563 4892,5563 4892,5613 4867,5613"/>
                    <Baseline points="4870,5610 4891,5610"/>
                    <TextEquiv>
                        <Unicode>1</Unicode>
                    </TextEquiv>
                </TextLine>
                <TextEquiv>
                    <Unicode></Unicode>
                </TextEquiv>
                <CornerPts>0 1 2 3</CornerPts>
            </TableCell>
            <TableCell row="8" col="4" rowSpan="1" colSpan="1" id="TableCell_1642067623319_15963">
                <Coords points="4917,5559 4917,5613 5060,5613 5060,5559"/>
                <TextLine id="TableCell_1642067623319_15963l0" custom="readingOrder {index:0;}">
                    <Coords points="4978,5574 4999,5574 4999,5615 4978,5615"/>
                    <Baseline points="4978,5612 4999,5610"/>
                    <TextEquiv>
                        <Unicode>„</Unicode>
                    </TextEquiv>
                </TextLine>
                <TextEquiv>
                    <Unicode></Unicode>
                </TextEquiv>
                <CornerPts>0 1 2 3</CornerPts>
            </TableCell>
            <TableCell row="8" col="5" rowSpan="1" colSpan="1" id="TableCell_1642067621546_15843">
                <Coords points="5060,5559 5060,5613 5173,5613 5173,5559"/>
                <TextLine id="TableCell_1642067621546_15843l0" custom="readingOrder {index:0;}">
                    <Coords points="5112,5563 5147,5565 5147,5615 5112,5613"/>
                    <Baseline points="5116,5613 5147,5611"/>
                    <TextEquiv>
                        <Unicode>4</Unicode>
                    </TextEquiv>
                </TextLine>
                <TextEquiv>
                    <Unicode></Unicode>
                </TextEquiv>
                <CornerPts>0 1 2 3</CornerPts>
            </TableCell>
            <TableCell row="8" col="6" rowSpan="1" colSpan="1" id="TableCell_1642067619436_15723">
                <Coords points="5173,5559 5173,5613 5292,5613 5292,5559"/>
                <TextLine id="TableCell_1642067619436_15723l0" custom="readingOrder {index:0;}">
                    <Coords points="5208,5583 5234,5583 5234,5608 5208,5608"/>
                    <Baseline points="5208,5608 5234,5608"/>
                    <TextEquiv>
                        <Unicode>„</Unicode>
                    </TextEquiv>
                </TextLine>
                <TextEquiv>
                    <Unicode></Unicode>
                </TextEquiv>
                <CornerPts>0 1 2 3</CornerPts>
            </TableCell>
            <TableCell row="9" col="0" rowSpan="1" colSpan="1" id="TableCell_1642067631153_16331">
                <Coords points="3329,5613 3329,5676 4416,5676 4416,5613"/>
                <TextLine id="TableCell_1642067631153_16331l0" custom="readingOrder {index:0;}">
                    <Coords points="3360,5613 3473,5613 3667,5622 3698,5630 3698,5665 3517,5674 3493,5675 3360,5675"/>
                    <Baseline points="3360,5666 3698,5665"/>
                    <TextEquiv>
                        <Unicode>Wechſelkonto</Unicode>
                    </TextEquiv>
                </TextLine>
                <TextEquiv>
                    <Unicode></Unicode>
                </TextEquiv>
                <CornerPts>0 1 2 3</CornerPts>
            </TableCell>
            <TableCell row="9" col="1" rowSpan="1" colSpan="1" id="TableCell_1642067631153_16329">
                <Coords points="4416,5613 4416,5676 4653,5676 4653,5613"/>
                <TextLine id="TableCell_1642067631153_16329l0" custom="readingOrder {index:0;}">
                    <Coords points="4463,5620 4542,5620 4628,5621 4628,5668 4518,5668 4463,5666"/>
                    <Baseline points="4463,5665 4623,5667"/>
                    <TextEquiv>
                        <Unicode>21,577</Unicode>
                    </TextEquiv>
                </TextLine>
                <TextEquiv>
                    <Unicode></Unicode>
                </TextEquiv>
                <CornerPts>0 1 2 3</CornerPts>
            </TableCell>
            <TableCell row="9" col="2" rowSpan="1" colSpan="1" id="TableCell_1642067627847_16209">
                <Coords points="4653,5613 4653,5676 4810,5676 4810,5613"/>
                <TextLine id="TableCell_1642067627847_16209l0" custom="readingOrder {index:0;}">
                    <Coords points="4708,5628 4742,5628 4742,5676 4708,5676"/>
                    <Baseline points="4710,5670 4742,5669"/>
                    <TextEquiv>
                        <Unicode>„</Unicode>
                    </TextEquiv>
                </TextLine>
                <TextEquiv>
                    <Unicode></Unicode>
                </TextEquiv>
                <CornerPts>0 1 2 3</CornerPts>
            </TableCell>
            <TableCell row="9" col="3" rowSpan="1" colSpan="1" id="TableCell_1642067626245_16089">
                <Coords points="4810,5613 4810,5676 4917,5676 4917,5613"/>
                <TextLine id="TableCell_1642067626245_16089l0" custom="readingOrder {index:0;}">
                    <Coords points="4810,5613 4917,5613 4917,5676 4810,5676"/>
                    <Baseline points="4810,5660 4917,5660"/>
                    <TextEquiv>
                        <Unicode>—</Unicode>
                    </TextEquiv>
                </TextLine>
                <TextEquiv>
                    <Unicode></Unicode>
                </TextEquiv>
                <CornerPts>0 1 2 3</CornerPts>
            </TableCell>
            <TableCell row="9" col="4" rowSpan="1" colSpan="1" id="TableCell_1642067623332_15969">
                <Coords points="4917,5613 4917,5676 5060,5676 5060,5613"/>
                <TextLine id="TableCell_1642067623332_15969l0" custom="readingOrder {index:0;}">
                    <Coords points="4971,5622 4975,5670 5005,5672 5005,5624 4975,5622"/>
                    <Baseline points="4977,5667 5005,5669"/>
                    <TextEquiv>
                        <Unicode>„</Unicode>
                    </TextEquiv>
                </TextLine>
                <TextEquiv>
                    <Unicode></Unicode>
                </TextEquiv>
                <CornerPts>0 1 2 3</CornerPts>
            </TableCell>
            <TableCell row="9" col="5" rowSpan="1" colSpan="1" id="TableCell_1642067621555_15849">
                <Coords points="5060,5613 5060,5676 5173,5676 5173,5613"/>
                <TextLine id="TableCell_1642067621555_15849l0" custom="readingOrder {index:0;}">
                    <Coords points="5060,5613 5173,5613 5173,5676 5060,5676"/>
                    <Baseline points="5060,5660 5173,5660"/>
                    <TextEquiv>
                        <Unicode>—</Unicode>
                    </TextEquiv>
                </TextLine>
                <TextEquiv>
                    <Unicode></Unicode>
                </TextEquiv>
                <CornerPts>0 1 2 3</CornerPts>
            </TableCell>
            <TableCell row="9" col="6" rowSpan="1" colSpan="1" id="TableCell_1642067619444_15729">
                <Coords points="5173,5613 5173,5676 5292,5676 5292,5613"/>
                <TextLine id="TableCell_1642067619444_15729l0" custom="readingOrder {index:0;}">
                    <Coords points="5201,5623 5242,5625 5242,5673 5201,5671"/>
                    <Baseline points="5205,5667 5238,5669"/>
                    <TextEquiv>
                        <Unicode>„</Unicode>
                    </TextEquiv>
                </TextLine>
                <TextEquiv>
                    <Unicode></Unicode>
                </TextEquiv>
                <CornerPts>0 1 2 3</CornerPts>
            </TableCell>
            <TableCell row="10" col="0" rowSpan="1" colSpan="1" id="TableCell_1642067631183_16337">
                <Coords points="3329,5676 3329,5733 4416,5733 4416,5676"/>
                <TextLine id="TableCell_1642067631183_16337l0" custom="readingOrder {index:0;}">
                    <Coords points="3357,5678 3814,5678 3846,5687 3846,5720 3814,5722 3792,5723 3665,5725 3357,5725"/>
                    <Baseline points="3357,5725 3846,5720"/>
                    <TextEquiv>
                        <Unicode>Kontokorrentkonto</Unicode>
                    </TextEquiv>
                </TextLine>
                <TextEquiv>
                    <Unicode></Unicode>
                </TextEquiv>
                <CornerPts>0 1 2 3</CornerPts>
            </TableCell>
            <TableCell row="10" col="1" rowSpan="1" colSpan="1" id="TableCell_1642067631183_16335">
                <Coords points="4416,5676 4416,5733 4653,5733 4653,5676"/>
                <TextLine id="TableCell_1642067631183_16335l0" custom="readingOrder {index:0;}">
                    <Coords points="4468,5681 4498,5680 4599,5680 4626,5681 4626,5727 4522,5727 4468,5726"/>
                    <Baseline points="4468,5726 4626,5727"/>
                    <TextEquiv>
                        <Unicode>11,761</Unicode>
                    </TextEquiv>
                </TextLine>
                <TextEquiv>
                    <Unicode></Unicode>
                </TextEquiv>
                <CornerPts>0 1 2 3</CornerPts>
            </TableCell>
            <TableCell row="10" col="2" rowSpan="1" colSpan="1" id="TableCell_1642067627862_16215">
                <Coords points="4653,5676 4653,5733 4810,5733 4810,5676"/>
                <TextLine id="TableCell_1642067627862_16215l0" custom="readingOrder {index:0;}">
                    <Coords points="4713,5688 4748,5687 4748,5729 4713,5730"/>
                    <Baseline points="4714,5726 4743,5723"/>
                    <TextEquiv>
                        <Unicode>„</Unicode>
                    </TextEquiv>
                </TextLine>
                <TextEquiv>
                    <Unicode></Unicode>
                </TextEquiv>
                <CornerPts>0 1 2 3</CornerPts>
            </TableCell>
            <TableCell row="10" col="3" rowSpan="1" colSpan="1" id="TableCell_1642067626257_16095">
                <Coords points="4810,5676 4810,5733 4917,5733 4917,5676"/>
                <TextLine id="TableCell_1642067626257_16095l0" custom="readingOrder {index:0;}">
                    <Coords points="4823,5683 4903,5683 4905,5734 4825,5734"/>
                    <Baseline points="4830,5726 4903,5727"/>
                    <TextEquiv>
                        <Unicode>17</Unicode>
                    </TextEquiv>
                </TextLine>
                <TextEquiv>
                    <Unicode></Unicode>
                </TextEquiv>
                <CornerPts>0 1 2 3</CornerPts>
            </TableCell>
            <TableCell row="10" col="4" rowSpan="1" colSpan="1" id="TableCell_1642067623344_15975">
                <Coords points="4917,5676 4917,5733 5060,5733 5060,5676"/>
                <TextLine id="TableCell_1642067623344_15975l0" custom="readingOrder {index:0;}">
                    <Coords points="4967,5692 4998,5693 4998,5735 4967,5734"/>
                    <Baseline points="4969,5731 4998,5730"/>
                    <TextEquiv>
                        <Unicode>„</Unicode>
                    </TextEquiv>
                </TextLine>
                <TextEquiv>
                    <Unicode></Unicode>
                </TextEquiv>
                <CornerPts>0 1 2 3</CornerPts>
            </TableCell>
            <TableCell row="10" col="5" rowSpan="1" colSpan="1" id="TableCell_1642067621563_15855">
                <Coords points="5060,5676 5060,5733 5173,5733 5173,5676"/>
                <TextLine id="TableCell_1642067621563_15855l0" custom="readingOrder {index:0;}">
                    <Coords points="5099,5681 5158,5683 5158,5737 5103,5739 5103,5685"/>
                    <Baseline points="5109,5734 5150,5732"/>
                    <TextEquiv>
                        <Unicode>3</Unicode>
                    </TextEquiv>
                </TextLine>
                <TextEquiv>
                    <Unicode></Unicode>
                </TextEquiv>
                <CornerPts>0 1 2 3</CornerPts>
            </TableCell>
            <TableCell row="10" col="6" rowSpan="1" colSpan="1" id="TableCell_1642067619450_15735">
                <Coords points="5173,5676 5173,5733 5292,5733 5292,5676"/>
                <TextLine id="TableCell_1642067619450_15735l0" custom="readingOrder {index:0;}">
                    <Coords points="5198,5688 5240,5688 5240,5730 5198,5730"/>
                    <Baseline points="5202,5730 5238,5729"/>
                    <TextEquiv>
                        <Unicode>„</Unicode>
                    </TextEquiv>
                </TextLine>
                <TextEquiv>
                    <Unicode></Unicode>
                </TextEquiv>
                <CornerPts>0 1 2 3</CornerPts>
            </TableCell>
            <TableCell row="11" col="0" rowSpan="1" colSpan="1" id="TableCell_1642067631198_16343">
                <Coords points="3329,5733 3329,5791 4416,5791 4416,5733"/>
                <TextLine id="TableCell_1642067631198_16343l1" custom="readingOrder {index:0;}">
                    <Coords points="3358,5789 3351,5733 3480,5734 3943,5734 3981,5735 3981,5781 3946,5791 3358,5791"/>
                    <Baseline points="3358,5790 3981,5781"/>
                    <TextEquiv>
                        <Unicode>Zuſchuß⸗Darlehnskonto</Unicode>
                    </TextEquiv>
                </TextLine>
                <TextEquiv>
                    <Unicode></Unicode>
                </TextEquiv>
                <CornerPts>0 1 2 3</CornerPts>
            </TableCell>
            <TableCell row="11" col="1" rowSpan="1" colSpan="1" id="TableCell_1642067631198_16341">
                <Coords points="4416,5733 4416,5791 4653,5791 4653,5733"/>
                <TextLine id="TableCell_1642067631198_16341l0" custom="readingOrder {index:0;}">
                    <Coords points="4528,5739 4623,5740 4623,5783 4529,5787 4529,5744"/>
                    <Baseline points="4529,5784 4623,5783"/>
                    <TextEquiv>
                        <Unicode>612</Unicode>
                    </TextEquiv>
                </TextLine>
                <TextEquiv>
                    <Unicode></Unicode>
                </TextEquiv>
                <CornerPts>0 1 2 3</CornerPts>
            </TableCell>
            <TableCell row="11" col="2" rowSpan="1" colSpan="1" id="TableCell_1642067627886_16221">
                <Coords points="4653,5733 4653,5791 4810,5791 4810,5733"/>
                <TextLine id="TableCell_1642067627886_16221l0" custom="readingOrder {index:0;}">
                    <Coords points="4712,5758 4737,5758 4737,5783 4712,5783"/>
                    <Baseline points="4712,5782 4737,5779"/>
                    <TextEquiv>
                        <Unicode>„</Unicode>
                    </TextEquiv>
                </TextLine>
                <TextEquiv>
                    <Unicode></Unicode>
                </TextEquiv>
                <CornerPts>0 1 2 3</CornerPts>
            </TableCell>
            <TableCell row="11" col="3" rowSpan="1" colSpan="1" id="TableCell_1642067626269_16101">
                <Coords points="4810,5733 4810,5791 4917,5791 4917,5733"/>
                <TextLine id="TableCell_1642067626269_16101l0" custom="readingOrder {index:0;}">
                    <Coords points="4810,5733 4917,5733 4917,5791 4810,5791"/>
                    <Baseline points="4810,5776 4917,5776"/>
                    <TextEquiv>
                        <Unicode>—</Unicode>
                    </TextEquiv>
                </TextLine>
                <TextEquiv>
                    <Unicode></Unicode>
                </TextEquiv>
                <CornerPts>0 1 2 3</CornerPts>
            </TableCell>
            <TableCell row="11" col="4" rowSpan="1" colSpan="1" id="TableCell_1642067623358_15981">
                <Coords points="4917,5733 4917,5791 5060,5791 5060,5733"/>
                <TextLine id="TableCell_1642067623358_15981l0" custom="readingOrder {index:0;}">
                    <Coords points="4972,5759 4999,5759 4999,5784 4972,5784"/>
                    <Baseline points="4972,5784 4999,5784"/>
                    <TextEquiv>
                        <Unicode>„</Unicode>
                    </TextEquiv>
                </TextLine>
                <TextEquiv>
                    <Unicode></Unicode>
                </TextEquiv>
                <CornerPts>0 1 2 3</CornerPts>
            </TableCell>
            <TableCell row="11" col="5" rowSpan="1" colSpan="1" id="TableCell_1642067621571_15861">
                <Coords points="5060,5733 5060,5791 5173,5791 5173,5733"/>
                <TextLine id="TableCell_1642067621571_15861l0" custom="readingOrder {index:0;}">
                    <Coords points="5060,5733 5173,5733 5173,5791 5060,5791"/>
                    <Baseline points="5060,5776 5173,5776"/>
                    <TextEquiv>
                        <Unicode>—</Unicode>
                    </TextEquiv>
                </TextLine>
                <TextEquiv>
                    <Unicode></Unicode>
                </TextEquiv>
                <CornerPts>0 1 2 3</CornerPts>
            </TableCell>
            <TableCell row="11" col="6" rowSpan="1" colSpan="1" id="TableCell_1642067619459_15741">
                <Coords points="5173,5733 5173,5791 5292,5791 5292,5733"/>
                <TextLine id="TableCell_1642067619459_15741l0" custom="readingOrder {index:0;}">
                    <Coords points="5202,5745 5232,5745 5232,5788 5202,5788"/>
                    <Baseline points="5202,5787 5232,5786"/>
                    <TextEquiv>
                        <Unicode>„</Unicode>
                    </TextEquiv>
                </TextLine>
                <TextEquiv>
                    <Unicode></Unicode>
                </TextEquiv>
                <CornerPts>0 1 2 3</CornerPts>
            </TableCell>
            <TableCell row="12" col="0" rowSpan="1" colSpan="7" id="TableCell_1642067649723_16406">
                <Coords points="3329,5791 3329,5852 4416,5852 4653,5852 4810,5852 4917,5852 5060,5852 5173,5852 5292,5852 5292,5791 5173,5791 5060,5791 4917,5791 4810,5791 4653,5791 4416,5791"/>
                <TextLine id="TableCell_1642067649723_16406l0" custom="readingOrder {index:0;}">
                    <Coords points="4114,5796 4462,5796 4513,5810 4513,5846 4280,5846 4198,5844 4113,5847"/>
                    <Baseline points="4118,5843 4513,5846"/>
                    <TextEquiv>
                        <Unicode>Paſſiva.</Unicode>
                    </TextEquiv>
                </TextLine>
                <TextEquiv>
                    <Unicode></Unicode>
                </TextEquiv>
                <CornerPts>0 1 8 9</CornerPts>
            </TableCell>
            <TableCell row="13" col="0" rowSpan="1" colSpan="1" id="TableCell_1642067631228_16355">
                <Coords points="3329,5852 3329,5917 4416,5917 4416,5852"/>
                <TextLine id="TableCell_1642067631228_16355l0" custom="readingOrder {index:0;}">
                    <Coords points="3354,5858 3373,5855 3658,5855 3697,5856 3697,5904 3658,5912 3434,5912 3354,5904"/>
                    <Baseline points="3354,5903 3697,5899"/>
                    <TextEquiv>
                        <Unicode>Kapitalkonto</Unicode>
                    </TextEquiv>
                </TextLine>
                <TextEquiv>
                    <Unicode></Unicode>
                </TextEquiv>
                <CornerPts>0 1 2 3</CornerPts>
            </TableCell>
            <TableCell row="13" col="1" rowSpan="1" colSpan="1" id="TableCell_1642067631228_16353">
                <Coords points="4416,5852 4416,5917 4653,5917 4653,5852"/>
                <TextLine id="TableCell_1642067631228_16353l0" custom="readingOrder {index:0;}">
                    <Coords points="4432,5857 4629,5857 4629,5905 4594,5914 4523,5914 4432,5904"/>
                    <Baseline points="4432,5904 4629,5905"/>
                    <TextEquiv>
                        <Unicode>300,000</Unicode>
                    </TextEquiv>
                </TextLine>
                <TextEquiv>
                    <Unicode></Unicode>
                </TextEquiv>
                <CornerPts>0 1 2 3</CornerPts>
            </TableCell>
            <TableCell row="13" col="2" rowSpan="1" colSpan="1" id="TableCell_1642067627918_16233">
                <Coords points="4653,5852 4653,5917 4810,5917 4810,5852"/>
                <TextLine id="TableCell_1642067627918_16233l0" custom="readingOrder {index:0;}">
                    <Coords points="4672,5854 4795,5854 4795,5908 4657,5908 4657,5860"/>
                    <Baseline points="4661,5907 4791,5908"/>
                    <TextEquiv>
                        <Unicode>Thlr.</Unicode>
                    </TextEquiv>
                </TextLine>
                <TextEquiv>
                    <Unicode></Unicode>
                </TextEquiv>
                <CornerPts>0 1 2 3</CornerPts>
            </TableCell>
            <TableCell row="13" col="3" rowSpan="1" colSpan="1" id="TableCell_1642067626310_16113">
                <Coords points="4810,5852 4810,5917 4917,5917 4917,5852"/>
                <TextLine id="TableCell_1642067626310_16113l0" custom="readingOrder {index:0;}">
                    <Coords points="4810,5852 4917,5852 4917,5917 4810,5917"/>
                    <Baseline points="4810,5900 4917,5900"/>
                    <TextEquiv>
                        <Unicode>—</Unicode>
                    </TextEquiv>
                </TextLine>
                <TextEquiv>
                    <Unicode></Unicode>
                </TextEquiv>
                <CornerPts>0 1 2 3</CornerPts>
            </TableCell>
            <TableCell row="13" col="4" rowSpan="1" colSpan="1" id="TableCell_1642067623384_15993">
                <Coords points="4917,5852 4917,5917 5060,5917 5060,5852"/>
                <TextLine id="TableCell_1642067623384_15993l0" custom="readingOrder {index:0;}">
                    <Coords points="4934,5860 5042,5860 5042,5908 4925,5910 4925,5862"/>
                    <Baseline points="4932,5908 5040,5908"/>
                    <TextEquiv>
                        <Unicode>Sgr.</Unicode>
                    </TextEquiv>
                </TextLine>
                <TextEquiv>
                    <Unicode></Unicode>
                </TextEquiv>
                <CornerPts>0 1 2 3</CornerPts>
            </TableCell>
            <TableCell row="13" col="5" rowSpan="1" colSpan="1" id="TableCell_1642067621585_15873">
                <Coords points="5060,5852 5060,5917 5173,5917 5173,5852"/>
                <TextLine id="TableCell_1642067621585_15873l0" custom="readingOrder {index:0;}">
                    <Coords points="5074,5860 5158,5860 5158,5908 5074,5908"/>
                    <Baseline points="5074,5894 5158,5894"/>
                    <TextEquiv>
                        <Unicode>—</Unicode>
                    </TextEquiv>
                </TextLine>
                <TextEquiv>
                    <Unicode></Unicode>
                </TextEquiv>
                <CornerPts>0 1 2 3</CornerPts>
            </TableCell>
            <TableCell row="13" col="6" rowSpan="1" colSpan="1" id="TableCell_1642067619472_15753">
                <Coords points="5173,5852 5173,5917 5292,5917 5292,5852"/>
                <TextLine id="TableCell_1642067619472_15753l0" custom="readingOrder {index:0;}">
                    <Coords points="5173,5852 5292,5852 5292,5917 5173,5917"/>
                    <Baseline points="5177,5915 5265,5913"/>
                    <TextEquiv>
                        <Unicode>Pf.</Unicode>
                    </TextEquiv>
                </TextLine>
                <TextEquiv>
                    <Unicode></Unicode>
                </TextEquiv>
                <CornerPts>0 1 2 3</CornerPts>
            </TableCell>
            <TableCell row="14" col="0" rowSpan="1" colSpan="1" id="TableCell_1642067631245_16361">
                <Coords points="3329,5917 3329,5974 4416,5974 4416,5917"/>
                <TextLine id="TableCell_1642067631245_16361l0" custom="readingOrder {index:0;}">
                    <Coords points="3352,5961 3349,5913 3467,5918 3484,5918 3862,5922 3871,5925 3871,5959 3862,5960 3577,5972 3550,5972 3364,5963 3364,5961"/>
                    <Baseline points="3364,5963 3515,5962 3550,5962 3638,5961 3695,5961 3871,5957 3871,5956"/>
                    <TextEquiv>
                        <Unicode>Konto pro Diverſe</Unicode>
                    </TextEquiv>
                </TextLine>
                <TextEquiv>
                    <Unicode></Unicode>
                </TextEquiv>
                <CornerPts>0 1 2 3</CornerPts>
            </TableCell>
            <TableCell row="14" col="1" rowSpan="1" colSpan="1" id="TableCell_1642067631245_16359">
                <Coords points="4416,5917 4416,5974 4653,5974 4653,5917"/>
                <TextLine id="TableCell_1642067631245_16359l0" custom="readingOrder {index:0;}">
                    <Coords points="4445,5917 4623,5917 4623,5966 4429,5966 4429,5924"/>
                    <Baseline points="4433,5964 4619,5965"/>
                    <TextEquiv>
                        <Unicode>270,593</Unicode>
                    </TextEquiv>
                </TextLine>
                <TextEquiv>
                    <Unicode></Unicode>
                </TextEquiv>
                <CornerPts>0 1 2 3</CornerPts>
            </TableCell>
            <TableCell row="14" col="2" rowSpan="1" colSpan="1" id="TableCell_1642067627933_16239">
                <Coords points="4653,5917 4653,5974 4810,5974 4810,5917"/>
                <TextLine id="TableCell_1642067627933_16239l0" custom="readingOrder {index:0;}">
                    <Coords points="4705,5924 4740,5924 4740,5966 4705,5966"/>
                    <Baseline points="4708,5963 4740,5962"/>
                    <TextEquiv>
                        <Unicode>„</Unicode>
                    </TextEquiv>
                </TextLine>
                <TextEquiv>
                    <Unicode></Unicode>
                </TextEquiv>
                <CornerPts>0 1 2 3</CornerPts>
            </TableCell>
            <TableCell row="14" col="3" rowSpan="1" colSpan="1" id="TableCell_1642067626320_16119">
                <Coords points="4810,5917 4810,5974 4917,5974 4917,5917"/>
                <TextLine id="TableCell_1642067626320_16119l0" custom="readingOrder {index:0;}">
                    <Coords points="4823,5919 4903,5919 4903,5970 4823,5970 4823,5924"/>
                    <Baseline points="4825,5964 4903,5964"/>
                    <TextEquiv>
                        <Unicode>11</Unicode>
                    </TextEquiv>
                </TextLine>
                <TextEquiv>
                    <Unicode></Unicode>
                </TextEquiv>
                <CornerPts>0 1 2 3</CornerPts>
            </TableCell>
            <TableCell row="14" col="4" rowSpan="1" colSpan="1" id="TableCell_1642067623396_15999">
                <Coords points="4917,5917 4917,5974 5060,5974 5060,5917"/>
                <TextLine id="TableCell_1642067623396_15999l0" custom="readingOrder {index:0;}">
                    <Coords points="4969,5927 5006,5929 5006,5971 4969,5969"/>
                    <Baseline points="4972,5964 5000,5966"/>
                    <TextEquiv>
                        <Unicode>„</Unicode>
                    </TextEquiv>
                </TextLine>
                <TextEquiv>
                    <Unicode></Unicode>
                </TextEquiv>
                <CornerPts>0 1 2 3</CornerPts>
            </TableCell>
            <TableCell row="14" col="5" rowSpan="1" colSpan="1" id="TableCell_1642067621593_15879">
                <Coords points="5060,5917 5060,5974 5173,5974 5173,5917"/>
                <TextLine id="TableCell_1642067621593_15879l0" custom="readingOrder {index:0;}">
                    <Coords points="5106,5919 5143,5922 5143,5964 5109,5966 5109,5924"/>
                    <Baseline points="5111,5963 5140,5963"/>
                    <TextEquiv>
                        <Unicode>1</Unicode>
                    </TextEquiv>
                </TextLine>
                <TextEquiv>
                    <Unicode></Unicode>
                </TextEquiv>
                <CornerPts>0 1 2 3</CornerPts>
            </TableCell>
            <TableCell row="14" col="6" rowSpan="1" colSpan="1" id="TableCell_1642067619478_15759">
                <Coords points="5173,5917 5173,5974 5292,5974 5292,5917"/>
                <TextLine id="TableCell_1642067619478_15759l0" custom="readingOrder {index:0;}">
                    <Coords points="5193,5930 5236,5928 5236,5970 5193,5972"/>
                    <Baseline points="5199,5966 5234,5964"/>
                    <TextEquiv>
                        <Unicode>„</Unicode>
                    </TextEquiv>
                </TextLine>
                <TextEquiv>
                    <Unicode></Unicode>
                </TextEquiv>
                <CornerPts>0 1 2 3</CornerPts>
            </TableCell>
            <TableCell row="15" col="0" rowSpan="1" colSpan="1" id="TableCell_1642067631261_16367">
                <Coords points="3329,5974 3329,6037 4416,6037 4416,5974"/>
                <TextLine id="TableCell_1642067631261_16367l0" custom="readingOrder {index:0;}">
                    <Coords points="3400,5972 3474,5976 3658,5976 3747,5968 4038,5970 4038,6022 3502,6034 3347,6028 3347,6006 3347,5970"/>
                    <Baseline points="3352,6027 4033,6022"/>
                    <TextEquiv>
                        <Unicode>Depoſitenkonto Littr. A.</Unicode>
                    </TextEquiv>
                </TextLine>
                <TextEquiv>
                    <Unicode></Unicode>
                </TextEquiv>
                <CornerPts>0 1 2 3</CornerPts>
            </TableCell>
            <TableCell row="15" col="1" rowSpan="1" colSpan="1" id="TableCell_1642067631261_16365">
                <Coords points="4416,5974 4416,6037 4653,6037 4653,5974"/>
                <TextLine id="TableCell_1642067631261_16365l0" custom="readingOrder {index:0;}">
                    <Coords points="4458,5976 4487,5976 4624,5977 4624,6023 4529,6029 4520,6029 4458,6024"/>
                    <Baseline points="4458,6024 4624,6023"/>
                    <TextEquiv>
                        <Unicode>37,800</Unicode>
                    </TextEquiv>
                </TextLine>
                <TextEquiv>
                    <Unicode></Unicode>
                </TextEquiv>
                <CornerPts>0 1 2 3</CornerPts>
            </TableCell>
            <TableCell row="15" col="2" rowSpan="1" colSpan="1" id="TableCell_1642067627945_16245">
                <Coords points="4653,5974 4653,6037 4810,6037 4810,5974"/>
                <TextLine id="TableCell_1642067627945_16245l0" custom="readingOrder {index:0;}">
                    <Coords points="4701,5975 4735,5974 4737,6032 4700,6032 4698,5974"/>
                    <Baseline points="4702,6024 4735,6024"/>
                    <TextEquiv>
                        <Unicode>„</Unicode>
                    </TextEquiv>
                </TextLine>
                <TextEquiv>
                    <Unicode></Unicode>
                </TextEquiv>
                <CornerPts>0 1 2 3</CornerPts>
            </TableCell>
            <TableCell row="15" col="3" rowSpan="1" colSpan="1" id="TableCell_1642067626335_16125">
                <Coords points="4810,5974 4810,6037 4917,6037 4917,5974"/>
                <TextLine id="TableCell_1642067626335_16125l0" custom="readingOrder {index:0;}">
                    <Coords points="4810,5974 4917,5974 4917,6037 4810,6037"/>
                    <Baseline points="4810,6021 4917,6021"/>
                    <TextEquiv>
                        <Unicode>—</Unicode>
                    </TextEquiv>
                </TextLine>
                <TextEquiv>
                    <Unicode></Unicode>
                </TextEquiv>
                <CornerPts>0 1 2 3</CornerPts>
            </TableCell>
            <TableCell row="15" col="4" rowSpan="1" colSpan="1" id="TableCell_1642067623421_16005">
                <Coords points="4917,5974 4917,6037 5060,6037 5060,5974"/>
                <TextLine id="TableCell_1642067623421_16005l0" custom="readingOrder {index:0;}">
                    <Coords points="4965,5983 5003,5985 5003,6033 4965,6031"/>
                    <Baseline points="4971,6028 5000,6028"/>
                    <TextEquiv>
                        <Unicode>„</Unicode>
                    </TextEquiv>
                </TextLine>
                <TextEquiv>
                    <Unicode></Unicode>
                </TextEquiv>
                <CornerPts>0 1 2 3</CornerPts>
            </TableCell>
            <TableCell row="15" col="5" rowSpan="1" colSpan="1" id="TableCell_1642067621610_15885">
                <Coords points="5060,5974 5060,6037 5173,6037 5173,5974"/>
                <TextLine id="TableCell_1642067621610_15885l0" custom="readingOrder {index:0;}">
                    <Coords points="5060,5974 5173,5974 5173,6037 5060,6037"/>
                    <Baseline points="5060,6021 5173,6021"/>
                    <TextEquiv>
                        <Unicode>—</Unicode>
                    </TextEquiv>
                </TextLine>
                <TextEquiv>
                    <Unicode></Unicode>
                </TextEquiv>
                <CornerPts>0 1 2 3</CornerPts>
            </TableCell>
            <TableCell row="15" col="6" rowSpan="1" colSpan="1" id="TableCell_1642067619486_15765">
                <Coords points="5173,5974 5173,6037 5292,6037 5292,5974"/>
                <TextLine id="TableCell_1642067619486_15765l0" custom="readingOrder {index:0;}">
                    <Coords points="5193,5987 5237,5987 5237,6035 5193,6035"/>
                    <Baseline points="5202,6029 5233,6027"/>
                    <TextEquiv>
                        <Unicode>„</Unicode>
                    </TextEquiv>
                </TextLine>
                <TextEquiv>
                    <Unicode></Unicode>
                </TextEquiv>
                <CornerPts>0 1 2 3</CornerPts>
            </TableCell>
            <TableCell row="16" col="0" rowSpan="1" colSpan="1" id="TableCell_1642067631273_16373">
                <Coords points="3329,6037 3329,6088 4416,6088 4416,6037"/>
                <TextLine id="line_1645046755821_705" custom="readingOrder {index:0;}">
                    <Coords points="3528,6023 4038,6026 4038,6089 3528,6086"/>
                    <Baseline points="3537,6078 3864,6072 4031,6080"/>
                    <TextEquiv>
                        <Unicode>„ „ B.</Unicode>
                    </TextEquiv>
                </TextLine>
                <TextEquiv>
                    <Unicode></Unicode>
                </TextEquiv>
                <CornerPts>0 1 2 3</CornerPts>
            </TableCell>
            <TableCell row="16" col="1" rowSpan="1" colSpan="1" id="TableCell_1642067631273_16371">
                <Coords points="4416,6037 4416,6088 4653,6088 4653,6037"/>
                <TextLine id="TableCell_1642067631273_16371l0" custom="readingOrder {index:0;}">
                    <Coords points="4530,6035 4625,6036 4623,6086 4530,6087 4530,6049"/>
                    <Baseline points="4534,6085 4621,6086"/>
                    <TextEquiv>
                        <Unicode>500</Unicode>
                    </TextEquiv>
                </TextLine>
                <TextEquiv>
                    <Unicode></Unicode>
                </TextEquiv>
                <CornerPts>0 1 2 3</CornerPts>
            </TableCell>
            <TableCell row="16" col="2" rowSpan="1" colSpan="1" id="TableCell_1642067627958_16251">
                <Coords points="4653,6037 4653,6088 4810,6088 4810,6037"/>
                <TextLine id="TableCell_1642067627958_16251l0" custom="readingOrder {index:0;}">
                    <Coords points="4709,6054 4734,6054 4734,6080 4709,6080"/>
                    <Baseline points="4709,6079 4734,6076"/>
                    <TextEquiv>
                        <Unicode>„</Unicode>
                    </TextEquiv>
                </TextLine>
                <TextEquiv>
                    <Unicode></Unicode>
                </TextEquiv>
                <CornerPts>0 1 2 3</CornerPts>
            </TableCell>
            <TableCell row="16" col="3" rowSpan="1" colSpan="1" id="TableCell_1642067626347_16131">
                <Coords points="4810,6037 4810,6088 4917,6088 4917,6037"/>
                <TextLine id="TableCell_1642067626347_16131l0" custom="readingOrder {index:0;}">
                    <Coords points="4810,6037 4917,6037 4917,6088 4810,6088"/>
                    <Baseline points="4810,6075 4917,6075"/>
                    <TextEquiv>
                        <Unicode>—</Unicode>
                    </TextEquiv>
                </TextLine>
                <TextEquiv>
                    <Unicode></Unicode>
                </TextEquiv>
                <CornerPts>0 1 2 3</CornerPts>
            </TableCell>
            <TableCell row="16" col="4" rowSpan="1" colSpan="1" id="TableCell_1642067623438_16011">
                <Coords points="4917,6037 4917,6088 5060,6088 5060,6037"/>
                <TextLine id="TableCell_1642067623438_16011l0" custom="readingOrder {index:0;}">
                    <Coords points="4917,6037 5060,6037 5060,6088 4917,6088"/>
                    <Baseline points="4961,6077 5002,6080"/>
                    <TextEquiv>
                        <Unicode>„</Unicode>
                    </TextEquiv>
                </TextLine>
                <TextEquiv>
                    <Unicode></Unicode>
                </TextEquiv>
                <CornerPts>0 1 2 3</CornerPts>
            </TableCell>
            <TableCell row="16" col="5" rowSpan="1" colSpan="1" id="TableCell_1642067621619_15891">
                <Coords points="5060,6037 5060,6088 5173,6088 5173,6037"/>
                <TextLine id="TableCell_1642067621619_15891l0" custom="readingOrder {index:0;}">
                    <Coords points="5074,6043 5158,6043 5158,6081 5074,6081"/>
                    <Baseline points="5074,6070 5158,6070"/>
                    <TextEquiv>
                        <Unicode>—</Unicode>
                    </TextEquiv>
                </TextLine>
                <TextEquiv>
                    <Unicode></Unicode>
                </TextEquiv>
                <CornerPts>0 1 2 3</CornerPts>
            </TableCell>
            <TableCell row="16" col="6" rowSpan="1" colSpan="1" id="TableCell_1642067619492_15771">
                <Coords points="5173,6037 5173,6088 5292,6088 5292,6037"/>
                <TextLine id="TableCell_1642067619492_15771l0" custom="readingOrder {index:0;}">
                    <Coords points="5187,6037 5240,6039 5240,6090 5187,6088"/>
                    <Baseline points="5191,6084 5232,6082"/>
                    <TextEquiv>
                        <Unicode>„</Unicode>
                    </TextEquiv>
                </TextLine>
                <TextEquiv>
                    <Unicode></Unicode>
                </TextEquiv>
                <CornerPts>0 1 2 3</CornerPts>
            </TableCell>
            <TableCell row="17" col="0" rowSpan="1" colSpan="1" id="TableCell_1642067631287_16379">
                <Coords points="3329,6088 3329,6149 4416,6149 4416,6088"/>
                <TextLine id="line_1645046762275_708" custom="readingOrder {index:0;}">
                    <Coords points="3531,6092 4033,6091 4033,6152 3531,6153"/>
                    <Baseline points="3540,6136 3862,6133 4025,6141"/>
                    <TextEquiv>
                        <Unicode>„ „ C.</Unicode>
                    </TextEquiv>
                </TextLine>
                <TextEquiv>
                    <Unicode></Unicode>
                </TextEquiv>
                <CornerPts>0 1 2 3</CornerPts>
            </TableCell>
            <TableCell row="17" col="1" rowSpan="1" colSpan="1" id="TableCell_1642067631287_16377">
                <Coords points="4416,6088 4416,6149 4653,6149 4653,6088"/>
                <TextLine id="TableCell_1642067631287_16377l0" custom="readingOrder {index:0;}">
                    <Coords points="4456,6095 4534,6095 4622,6096 4622,6142 4456,6142"/>
                    <Baseline points="4456,6142 4622,6142"/>
                    <TextEquiv>
                        <Unicode>48,545</Unicode>
                    </TextEquiv>
                </TextLine>
                <TextEquiv>
                    <Unicode></Unicode>
                </TextEquiv>
                <CornerPts>0 1 2 3</CornerPts>
            </TableCell>
            <TableCell row="17" col="2" rowSpan="1" colSpan="1" id="TableCell_1642067627968_16257">
                <Coords points="4653,6088 4653,6149 4810,6149 4810,6088"/>
                <TextLine id="TableCell_1642067627968_16257l0" custom="readingOrder {index:0;}">
                    <Coords points="4705,6101 4730,6101 4730,6147 4705,6147"/>
                    <Baseline points="4707,6144 4730,6145"/>
                    <TextEquiv>
                        <Unicode>„</Unicode>
                    </TextEquiv>
                </TextLine>
                <TextEquiv>
                    <Unicode></Unicode>
                </TextEquiv>
                <CornerPts>0 1 2 3</CornerPts>
            </TableCell>
            <TableCell row="17" col="3" rowSpan="1" colSpan="1" id="TableCell_1642067626358_16137">
                <Coords points="4810,6088 4810,6149 4917,6149 4917,6088"/>
                <TextLine id="TableCell_1642067626358_16137l0" custom="readingOrder {index:0;}">
                    <Coords points="4810,6088 4917,6088 4917,6149 4810,6149"/>
                    <Baseline points="4810,6133 4917,6133"/>
                    <TextEquiv>
                        <Unicode>—</Unicode>
                    </TextEquiv>
                </TextLine>
                <TextEquiv>
                    <Unicode></Unicode>
                </TextEquiv>
                <CornerPts>0 1 2 3</CornerPts>
            </TableCell>
            <TableCell row="17" col="4" rowSpan="1" colSpan="1" id="TableCell_1642067623449_16017">
                <Coords points="4917,6088 4917,6149 5060,6149 5060,6088"/>
                <TextLine id="TableCell_1642067623449_16017l0" custom="readingOrder {index:0;}">
                    <Coords points="4968,6113 4994,6113 4994,6138 4968,6138"/>
                    <Baseline points="4968,6137 4994,6138"/>
                    <TextEquiv>
                        <Unicode>„</Unicode>
                    </TextEquiv>
                </TextLine>
                <TextEquiv>
                    <Unicode></Unicode>
                </TextEquiv>
                <CornerPts>0 1 2 3</CornerPts>
            </TableCell>
            <TableCell row="17" col="5" rowSpan="1" colSpan="1" id="TableCell_1642067621625_15897">
                <Coords points="5060,6088 5060,6149 5173,6149 5173,6088"/>
                <TextLine id="TableCell_1642067621625_15897l0" custom="readingOrder {index:0;}">
                    <Coords points="5060,6088 5173,6088 5173,6149 5060,6149"/>
                    <Baseline points="5060,6133 5173,6133"/>
                    <TextEquiv>
                        <Unicode>—</Unicode>
                    </TextEquiv>
                </TextLine>
                <TextEquiv>
                    <Unicode></Unicode>
                </TextEquiv>
                <CornerPts>0 1 2 3</CornerPts>
            </TableCell>
            <TableCell row="17" col="6" rowSpan="1" colSpan="1" id="TableCell_1642067619499_15777">
                <Coords points="5173,6088 5173,6149 5292,6149 5292,6088"/>
                <TextLine id="TableCell_1642067619499_15777l0" custom="readingOrder {index:0;}">
                    <Coords points="5193,6100 5238,6100 5238,6146 5193,6146"/>
                    <Baseline points="5196,6143 5231,6144"/>
                    <TextEquiv>
                        <Unicode>„</Unicode>
                    </TextEquiv>
                </TextLine>
                <TextEquiv>
                    <Unicode></Unicode>
                </TextEquiv>
                <CornerPts>0 1 2 3</CornerPts>
            </TableCell>
            <TableCell row="18" col="0" rowSpan="1" colSpan="1" id="TableCell_1642067631299_16385">
                <Coords points="3329,6149 3329,6208 4416,6208 4416,6149"/>
                <TextLine id="TableCell_1642067631299_16385l0" custom="readingOrder {index:0;}">
                    <Coords points="3349,6152 3562,6150 3730,6150 3730,6197 3664,6203 3349,6203"/>
                    <Baseline points="3349,6203 3730,6195"/>
                    <TextEquiv>
                        <Unicode>Lombardkonto</Unicode>
                    </TextEquiv>
                </TextLine>
                <TextEquiv>
                    <Unicode></Unicode>
                </TextEquiv>
                <CornerPts>0 1 2 3</CornerPts>
            </TableCell>
            <TableCell row="18" col="1" rowSpan="1" colSpan="1" id="TableCell_1642067631299_16383">
                <Coords points="4416,6149 4416,6208 4653,6208 4653,6149"/>
                <TextLine id="TableCell_1642067631299_16383l0" custom="readingOrder {index:0;}">
                    <Coords points="4456,6155 4594,6155 4625,6156 4625,6202 4516,6202 4456,6201"/>
                    <Baseline points="4456,6201 4625,6202"/>
                    <TextEquiv>
                        <Unicode>89,600</Unicode>
                    </TextEquiv>
                </TextLine>
                <TextEquiv>
                    <Unicode></Unicode>
                </TextEquiv>
                <CornerPts>0 1 2 3</CornerPts>
            </TableCell>
            <TableCell row="18" col="2" rowSpan="1" colSpan="1" id="TableCell_1642067627981_16263">
                <Coords points="4653,6149 4653,6208 4810,6208 4810,6149"/>
                <TextLine id="TableCell_1642067627981_16263l0" custom="readingOrder {index:0;}">
                    <Coords points="4701,6162 4736,6162 4736,6206 4701,6206"/>
                    <Baseline points="4704,6203 4735,6202"/>
                    <TextEquiv>
                        <Unicode>„</Unicode>
                    </TextEquiv>
                </TextLine>
                <TextEquiv>
                    <Unicode></Unicode>
                </TextEquiv>
                <CornerPts>0 1 2 3</CornerPts>
            </TableCell>
            <TableCell row="18" col="3" rowSpan="1" colSpan="1" id="TableCell_1642067626369_16143">
                <Coords points="4810,6149 4810,6208 4917,6208 4917,6149"/>
                <TextLine id="TableCell_1642067626369_16143l0" custom="readingOrder {index:0;}">
                    <Coords points="4824,6164 4895,6164 4895,6199 4824,6199 4823,6165"/>
                    <Baseline points="4828,6193 4891,6195"/>
                    <TextEquiv>
                        <Unicode>—</Unicode>
                    </TextEquiv>
                </TextLine>
                <TextEquiv>
                    <Unicode></Unicode>
                </TextEquiv>
                <CornerPts>0 1 2 3</CornerPts>
            </TableCell>
            <TableCell row="18" col="4" rowSpan="1" colSpan="1" id="TableCell_1642067623458_16023">
                <Coords points="4917,6149 4917,6208 5060,6208 5060,6149"/>
                <TextLine id="TableCell_1642067623458_16023l0" custom="readingOrder {index:0;}">
                    <Coords points="4967,6161 4998,6161 4998,6205 4967,6205"/>
                    <Baseline points="4969,6200 4998,6198"/>
                    <TextEquiv>
                        <Unicode>„</Unicode>
                    </TextEquiv>
                </TextLine>
                <TextEquiv>
                    <Unicode></Unicode>
                </TextEquiv>
                <CornerPts>0 1 2 3</CornerPts>
            </TableCell>
            <TableCell row="18" col="5" rowSpan="1" colSpan="1" id="TableCell_1642067621634_15903">
                <Coords points="5060,6149 5060,6208 5173,6208 5173,6149"/>
                <TextLine id="TableCell_1642067621634_15903l0" custom="readingOrder {index:0;}">
                    <Coords points="5060,6149 5173,6149 5173,6208 5060,6208"/>
                    <Baseline points="5060,6193 5173,6193"/>
                    <TextEquiv>
                        <Unicode>—</Unicode>
                    </TextEquiv>
                </TextLine>
                <TextEquiv>
                    <Unicode></Unicode>
                </TextEquiv>
                <CornerPts>0 1 2 3</CornerPts>
            </TableCell>
            <TableCell row="18" col="6" rowSpan="1" colSpan="1" id="TableCell_1642067619506_15783">
                <Coords points="5173,6149 5173,6208 5292,6208 5292,6149"/>
                <TextLine id="TableCell_1642067619506_15783l0" custom="readingOrder {index:0;}">
                    <Coords points="5194,6149 5194,6208 5232,6208 5232,6168"/>
                    <Baseline points="5197,6202 5229,6200"/>
                    <TextEquiv>
                        <Unicode>„</Unicode>
                    </TextEquiv>
                </TextLine>
                <TextEquiv>
                    <Unicode></Unicode>
                </TextEquiv>
                <CornerPts>0 1 2 3</CornerPts>
            </TableCell>
            <TableCell row="19" col="0" rowSpan="1" colSpan="1" id="TableCell_1642067631312_16391">
                <Coords points="3329,6208 3329,6267 4416,6265 4416,6208"/>
                <TextLine id="TableCell_1642067631312_16391l0" custom="readingOrder {index:0;}">
                    <Coords points="3347,6213 3375,6209 3684,6209 3771,6210 3803,6220 3803,6255 3564,6265 3375,6265 3347,6261"/>
                    <Baseline points="3347,6260 3803,6254"/>
                    <TextEquiv>
                        <Unicode>Reſervefondkonto</Unicode>
                    </TextEquiv>
                </TextLine>
                <TextEquiv>
                    <Unicode></Unicode>
                </TextEquiv>
                <CornerPts>0 1 2 3</CornerPts>
            </TableCell>
            <TableCell row="19" col="1" rowSpan="1" colSpan="1" id="TableCell_1642067631312_16389">
                <Coords points="4416,6208 4416,6265 4653,6265 4653,6208"/>
                <TextLine id="TableCell_1642067631312_16389l0" custom="readingOrder {index:0;}">
                    <Coords points="4445,6215 4623,6215 4623,6257 4445,6257"/>
                    <Baseline points="4451,6255 4623,6255"/>
                    <TextEquiv>
                        <Unicode>12,205</Unicode>
                    </TextEquiv>
                </TextLine>
                <TextEquiv>
                    <Unicode></Unicode>
                </TextEquiv>
                <CornerPts>0 1 2 3</CornerPts>
            </TableCell>
            <TableCell row="19" col="2" rowSpan="1" colSpan="1" id="TableCell_1642067627991_16269">
                <Coords points="4653,6208 4653,6265 4810,6265 4810,6208"/>
                <TextLine id="TableCell_1642067627991_16269l0" custom="readingOrder {index:0;}">
                    <Coords points="4702,6218 4740,6219 4740,6261 4702,6260"/>
                    <Baseline points="4702,6257 4735,6257"/>
                    <TextEquiv>
                        <Unicode>„</Unicode>
                    </TextEquiv>
                </TextLine>
                <TextEquiv>
                    <Unicode></Unicode>
                </TextEquiv>
                <CornerPts>0 1 2 3</CornerPts>
            </TableCell>
            <TableCell row="19" col="3" rowSpan="1" colSpan="1" id="TableCell_1642067626381_16149">
                <Coords points="4810,6208 4810,6265 4917,6265 4917,6208"/>
                <TextLine id="TableCell_1642067626381_16149l0" custom="readingOrder {index:0;}">
                    <Coords points="4823,6215 4903,6215 4903,6258 4823,6258"/>
                    <Baseline points="4823,6255 4903,6255"/>
                    <TextEquiv>
                        <Unicode>11</Unicode>
                    </TextEquiv>
                </TextLine>
                <TextEquiv>
                    <Unicode></Unicode>
                </TextEquiv>
                <CornerPts>0 1 2 3</CornerPts>
            </TableCell>
            <TableCell row="19" col="4" rowSpan="1" colSpan="1" id="TableCell_1642067623470_16029">
                <Coords points="4917,6208 4917,6265 5060,6265 5060,6208"/>
                <TextLine id="TableCell_1642067623470_16029l0" custom="readingOrder {index:0;}">
                    <Coords points="4961,6218 4995,6218 4995,6260 4961,6260"/>
                    <Baseline points="4964,6257 4995,6257"/>
                    <TextEquiv>
                        <Unicode>„</Unicode>
                    </TextEquiv>
                </TextLine>
                <TextEquiv>
                    <Unicode></Unicode>
                </TextEquiv>
                <CornerPts>0 1 2 3</CornerPts>
            </TableCell>
            <TableCell row="19" col="5" rowSpan="1" colSpan="1" id="TableCell_1642067621641_15909">
                <Coords points="5060,6208 5060,6265 5173,6265 5173,6208"/>
                <TextLine id="TableCell_1642067621641_15909l0" custom="readingOrder {index:0;}">
                    <Coords points="5099,6211 5146,6206 5146,6263 5094,6267 5094,6210"/>
                    <Baseline points="5095,6261 5144,6259"/>
                    <TextEquiv>
                        <Unicode>6</Unicode>
                    </TextEquiv>
                </TextLine>
                <TextEquiv>
                    <Unicode></Unicode>
                </TextEquiv>
                <CornerPts>0 1 2 3</CornerPts>
            </TableCell>
            <TableCell row="19" col="6" rowSpan="1" colSpan="1" id="TableCell_1642067619517_15789">
                <Coords points="5173,6208 5173,6265 5292,6265 5292,6208"/>
                <TextLine id="TableCell_1642067619517_15789l0" custom="readingOrder {index:0;}">
                    <Coords points="5200,6234 5224,6234 5224,6260 5200,6260"/>
                    <Baseline points="5200,6259 5224,6260"/>
                    <TextEquiv>
                        <Unicode>„</Unicode>
                    </TextEquiv>
                </TextLine>
                <TextEquiv>
                    <Unicode></Unicode>
                </TextEquiv>
                <CornerPts>0 1 2 3</CornerPts>
            </TableCell>
        </TableRegion>
        <TextRegion type="paragraph" id="r14" custom="readingOrder {index:14;} structure {type:paragraph;}">
            <Coords points="3347,6269 5300,6269 5298,6453 3345,6453"/>
            <TextLine id="r14l1" custom="readingOrder {index:0;}">
                <Coords points="3856,6269 3942,6270 3972,6270 4350,6272 4378,6273 4378,6319 4049,6330 4012,6330 3463,6317 3463,6266"/>
                <Baseline points="3859,6306 3911,6316 3942,6317 3986,6318 4012,6318 4211,6317 4247,6317 4378,6319"/>
                <TextEquiv>
                    <Unicode>Königsberg, den 9. Januar 1871.</Unicode>
                </TextEquiv>
            </TextLine>
            <TextLine id="r14l2" custom="readingOrder {index:1;}">
                <Coords points="3980,6357 3989,6342 3989,6331 4125,6330 4175,6330 4556,6331 4602,6333 4602,6388 4449,6389 4125,6389 3989,6381 3983,6374"/>
                <Baseline points="3989,6380 4092,6378 4125,6378 4602,6378"/>
                <TextEquiv>
                    <Unicode>Der Verwaltungsrath.</Unicode>
                </TextEquiv>
            </TextLine>
            <TextLine id="r14l3" custom="readingOrder {index:2;}">
                <Coords points="4191,6392 4225,6390 4348,6390 4385,6392 4400,6428 4400,6440 4385,6447 4225,6447 4191,6440"/>
                <Baseline points="4191,6440 4400,6440"/>
                <TextEquiv>
                    <Unicode>Kanitz.</Unicode>
                </TextEquiv>
            </TextLine>
            <TextEquiv>
                <Unicode>Königsberg, den 9. Januar 1871.
Der Verwaltungsrath.
Kanitz.</Unicode>
            </TextEquiv>
        </TextRegion>
        <TextRegion type="paragraph" id="r15" custom="readingOrder {index:15;} structure {type:paragraph;}">
            <Coords points="3324,6474 5302,6469 5294,6941 3316,6946"/>
            <TextLine id="r15l1" custom="readingOrder {index:0;}">
                <Coords points="3469,6473 3564,6472 3919,6472 4704,6475 5148,6481 5189,6482 5250,6493 5250,6530 5189,6538 4685,6544 4520,6544 3878,6535 3534,6527 3469,6523"/>
                <Baseline points="3469,6519 4040,6525 4107,6525 4204,6525 4238,6525 4450,6523 4469,6523 4744,6524 4773,6525 4850,6525 4867,6526 5250,6530"/>
                <TextEquiv>
                    <Unicode>Bekanntmachung. Die Station Osnabrück der Hannöverſchen</Unicode>
                </TextEquiv>
            </TextLine>
            <TextLine id="r15l2" custom="readingOrder {index:1;}">
                <Coords points="3392,6534 3839,6533 3876,6533 4490,6535 4891,6537 5134,6540 5173,6542 5234,6553 5254,6564 5254,6579 5248,6597 5173,6597 5134,6598 4738,6598 3346,6584 3346,6526"/>
                <Baseline points="3348,6583 3616,6580 3653,6580 3773,6580 3808,6581 3895,6582 3920,6582 4024,6582 4060,6583 4130,6583 4149,6583 4349,6582 4373,6582 4490,6582 4517,6582 4584,6582 4604,6583 4687,6583 4714,6588 5250,6590"/>
                <TextEquiv>
                    <Unicode>Eiſenbahn wird mit dem 15. Januar 1871 in den Ruſſiſch⸗Rheiniſchen⸗</Unicode>
                </TextEquiv>
            </TextLine>
            <TextLine id="r15l3" custom="readingOrder {index:2;}">
                <Coords points="3346,6616 3418,6594 3596,6591 4180,6591 4843,6593 5231,6602 5255,6623 5255,6639 5231,6649 4843,6652 3596,6652 3383,6641 3346,6631"/>
                <Baseline points="3350,6632 3480,6640 3563,6640 3596,6639 4180,6643 4211,6643 4843,6646 4891,6647 4968,6646 5011,6648 5250,6640"/>
                <TextEquiv>
                    <Unicode>und den Oſtdeutſch⸗Rheiniſchen Verband⸗Güter⸗Verkehr als Verband⸗</Unicode>
                </TextEquiv>
            </TextLine>
            <TextLine id="r15l4" custom="readingOrder {index:3;}">
                <Coords points="3402,6654 3476,6651 3558,6651 4612,6654 4969,6658 5179,6667 5254,6672 5254,6709 5118,6717 4822,6717 4020,6713 3344,6704 3344,6657"/>
                <Baseline points="3347,6702 3558,6698 3607,6698 3700,6699 3747,6700 3940,6702 3984,6702 4171,6702 4217,6700 4367,6700 4420,6700 4514,6701 4560,6701 4637,6702 4686,6704 4754,6704 4785,6705 5118,6706 5154,6706 5254,6709"/>
                <TextEquiv>
                    <Unicode>Station mit direkten Sätzen, jedoch nur für die Beförderung von</Unicode>
                </TextEquiv>
            </TextLine>
            <TextLine id="r15l5" custom="readingOrder {index:4;}">
                <Coords points="3344,6764 3344,6717 3391,6713 3442,6712 3576,6710 3727,6710 4449,6711 5058,6717 5252,6719 5252,6767 5058,6768 3921,6771 3777,6771 3518,6769 3344,6767"/>
                <Baseline points="3344,6766 3529,6759 3576,6759 3727,6758 3777,6758 3921,6758 3972,6759 4071,6760 4122,6760 4265,6759 4316,6758 4364,6758 4397,6759 4722,6762 4764,6762 4865,6764 4897,6764 4989,6765 5022,6766 5116,6765 5150,6765 5252,6767"/>
                <TextEquiv>
                    <Unicode>Flachs, Hanf, Heede und Werg in Quantitäten von 100 Ctr. und</Unicode>
                </TextEquiv>
            </TextLine>
            <TextLine id="r15l6" custom="readingOrder {index:5;}">
                <Coords points="3343,6783 3431,6771 3650,6769 3692,6769 4400,6770 5132,6777 5190,6781 5252,6789 5252,6827 5132,6835 3912,6836 3875,6836 3374,6819 3343,6813"/>
                <Baseline points="3344,6813 3577,6816 3963,6820 4016,6820 4121,6820 4158,6820 4427,6819 4460,6819 4600,6819 4621,6819 4857,6825 4891,6825 5015,6824 5046,6825 5132,6825 5164,6825 5252,6827"/>
                <TextEquiv>
                    <Unicode>darüber aufgenommen. Der betreffende Tarif Nachtrag kann auf den</Unicode>
                </TextEquiv>
            </TextLine>
            <TextLine id="r15l7" custom="readingOrder {index:6;}">
                <Coords points="3342,6833 3375,6828 3644,6828 4422,6829 5008,6834 5087,6835 5252,6848 5252,6887 5087,6895 5049,6895 4732,6894 3991,6890 3375,6880 3342,6877"/>
                <Baseline points="3350,6871 3914,6879 4173,6878 4219,6878 4422,6879 4487,6879 4769,6882 4825,6883 4909,6882 4944,6882 5021,6883 5049,6884 5252,6887"/>
                <TextEquiv>
                    <Unicode>Verband⸗Stationen eingeſehen werden. Bromberg, den 10. Januar</Unicode>
                </TextEquiv>
            </TextLine>
            <TextLine id="r15l8" custom="readingOrder {index:7;}">
                <Coords points="3341,6897 3370,6889 3539,6888 3611,6888 4434,6889 4467,6902 4467,6939 3950,6941 3515,6941 3370,6938 3341,6934"/>
                <Baseline points="3341,6932 3539,6938 3807,6939 3843,6939 4093,6938 4127,6938 4203,6938 4233,6938 4467,6939"/>
                <TextEquiv>
                    <Unicode>1871. Königliche Direktion der Oſtbahn.</Unicode>
                </TextEquiv>
            </TextLine>
            <TextEquiv>
                <Unicode>Bekanntmachung. Die Station Osnabrück der Hannöverſchen
Eiſenbahn wird mit dem 15. Januar 1871 in den Ruſſiſch⸗Rheiniſchen⸗
und den Oſtdeutſch⸗Rheiniſchen Verband⸗Güter⸗Verkehr als Verband⸗
Station mit direkten Sätzen, jedoch nur für die Beförderung von
Flachs, Hanf, Heede und Werg in Quantitäten von 100 Ctr. und
darüber aufgenommen. Der betreffende Tarif Nachtrag kann auf den
Verband⸗Stationen eingeſehen werden. Bromberg, den 10. Januar
1871. Königliche Direktion der Oſtbahn.</Unicode>
            </TextEquiv>
        </TextRegion>
        <TextRegion type="paragraph" id="r16" custom="readingOrder {index:16;} structure {type:paragraph;}">
            <Coords points="4061,6943 5176,6947 5175,7055 4060,7054"/>
            <TextLine id="r16l1" custom="readingOrder {index:0;}">
                <Coords points="4061,6943 5176,6947 5175,7055 4060,7054"/>
                <Baseline points="4069,7026 5158,7029"/>
                <TextEquiv>
                    <Unicode>Hierbei Verluſt⸗Liſte Nr. 154.</Unicode>
                </TextEquiv>
            </TextLine>
            <TextEquiv>
                <Unicode>Hierbei Verluſt⸗Liſte Nr. 154.</Unicode>
            </TextEquiv>
        </TextRegion>
        <TextRegion type="header" id="r17" custom="readingOrder {index:17;} structure {type:header;}">
            <Coords points="6728,1267 8749,1267 8749,1506 6728,1506"/>
            <TextLine id="r17l1" custom="readingOrder {index:0;}">
                <Coords points="6761,1310 6873,1306 8361,1284 8453,1284 8716,1383 8716,1476 8453,1503 8361,1503 6873,1481 6761,1436"/>
                <Baseline points="6761,1434 7572,1454 7690,1456 8716,1452"/>
                <TextEquiv>
                    <Unicode>Königlich Preußiſcher</Unicode>
                </TextEquiv>
            </TextLine>
            <TextEquiv>
                <Unicode>Königlich Preußiſcher</Unicode>
            </TextEquiv>
        </TextRegion>
        <TextRegion type="header" id="r18" custom="readingOrder {index:18;} structure {type:header;}">
            <Coords points="5827,1666 7290,1691 7290,2088 5827,2063"/>
            <TextLine id="r18l1" custom="readingOrder {index:0;}">
                <Coords points="5827,1666 7290,1691 7290,2088 5827,2063"/>
                <Baseline points="5845,2050 7276,2068"/>
                <TextEquiv>
                    <Unicode>Staats-</Unicode>
                </TextEquiv>
            </TextLine>
            <TextEquiv>
                <Unicode>Staats-</Unicode>
            </TextEquiv>
        </TextRegion>
        <TextRegion type="header" id="r19" custom="readingOrder {index:19;} structure {type:header;}">
            <Coords points="8181,1699 9623,1699 9623,2214 8181,2214"/>
            <TextLine id="r19l1" custom="readingOrder {index:0;}">
                <Coords points="8181,1699 9623,1699 9623,2214 8181,2214"/>
                <Baseline points="8208,2092 9585,2119"/>
                <TextEquiv>
                    <Unicode>Anzeiger.</Unicode>
                </TextEquiv>
            </TextLine>
            <TextEquiv>
                <Unicode>Anzeiger.</Unicode>
            </TextEquiv>
        </TextRegion>
        <TextRegion type="header" id="r20" custom="readingOrder {index:20;} structure {type:header;}">
            <Coords points="5764,1274 6577,1274 6577,1550 5764,1550"/>
            <TextLine id="r20l1" custom="readingOrder {index:0;}">
                <Coords points="5802,1295 6153,1295 6321,1299 6501,1304 6536,1305 6550,1327 6550,1342 6536,1349 6454,1349 6187,1345 5802,1333"/>
                <Baseline points="5802,1330 5881,1330 5913,1329 6153,1333 6187,1333 6321,1337 6424,1340 6550,1338"/>
                <TextEquiv>
                    <Unicode>Das Abonnement beträgt 1 Thlr.</Unicode>
                </TextEquiv>
            </TextLine>
            <TextLine id="r20l2" custom="readingOrder {index:1;}">
                <Coords points="5981,1359 6020,1359 6360,1360 6360,1408 6152,1408 5981,1401"/>
                <Baseline points="5981,1393 6036,1394 6057,1395 6124,1396 6152,1397 6360,1401"/>
                <TextEquiv>
                    <Unicode>für das Vierteljahr.</Unicode>
                </TextEquiv>
            </TextLine>
            <TextLine id="r20l3" custom="readingOrder {index:2;}">
                <Coords points="5798,1422 5996,1422 6547,1433 6547,1469 6457,1469 6127,1468 5798,1466"/>
                <Baseline points="5798,1454 6093,1460 6127,1461 6179,1462 6213,1463 6280,1464 6310,1464 6426,1467 6457,1468 6547,1460"/>
                <TextEquiv>
                    <Unicode>Inſertionspreis für den Raum einer</Unicode>
                </TextEquiv>
            </TextLine>
            <TextLine id="r20l4" custom="readingOrder {index:3;}">
                <Coords points="5976,1487 6154,1487 6316,1492 6370,1502 6370,1531 6330,1537 6291,1537 5996,1533 5976,1523"/>
                <Baseline points="5976,1523 6154,1526 6179,1527 6237,1528 6264,1529 6370,1523"/>
                <TextEquiv>
                    <Unicode>Druckzeile 2 ½ Sgr.</Unicode>
                </TextEquiv>
            </TextLine>
            <TextEquiv>
                <Unicode>Das Abonnement beträgt 1 Thlr.
für das Vierteljahr.
Inſertionspreis für den Raum einer
Druckzeile 2 ½ Sgr.</Unicode>
            </TextEquiv>
        </TextRegion>
        <TextRegion type="header" id="r21" custom="readingOrder {index:21;} structure {type:header;}">
            <Coords points="8900,1339 9717,1339 9717,1611 8900,1611"/>
            <TextLine id="r21l1" custom="readingOrder {index:0;}">
                <Coords points="8942,1358 8972,1358 9349,1361 9689,1376 9704,1400 9704,1402 9689,1410 9609,1410 9058,1405 8942,1393"/>
                <Baseline points="8942,1393 9020,1394 9058,1395 9349,1402 9387,1403 9451,1404 9488,1405 9567,1407 9609,1408 9704,1401"/>
                <TextEquiv>
                    <Unicode>Alle Poſt-Anſtalten des In- und</Unicode>
                </TextEquiv>
            </TextLine>
            <TextLine id="r21l2" custom="readingOrder {index:1;}">
                <Coords points="8939,1403 9142,1403 9683,1426 9683,1459 9596,1457 8942,1435"/>
                <Baseline points="8942,1435 9142,1441 9198,1442 9340,1444 9592,1450 9683,1452"/>
                <TextEquiv>
                    <Unicode>Auslandes nehmen Beſtellung an,</Unicode>
                </TextEquiv>
            </TextLine>
            <TextLine id="r21l3" custom="readingOrder {index:2;}">
                <Coords points="8940,1445 8965,1445 9398,1454 9481,1460 9683,1456 9680,1502 9398,1500 9283,1500 8940,1487"/>
                <Baseline points="8940,1479 8996,1480 9023,1481 9135,1483 9161,1484 9213,1485 9232,1486 9433,1491 9461,1491 9674,1495"/>
                <TextEquiv>
                    <Unicode>für Berlin die Expedition des Königl.</Unicode>
                </TextEquiv>
            </TextLine>
            <TextLine id="r21l4" custom="readingOrder {index:3;}">
                <Coords points="8936,1490 9155,1490 9484,1497 9544,1513 9544,1538 9484,1548 9364,1548 8936,1533"/>
                <Baseline points="8936,1524 9155,1528 9183,1529 9331,1532 9343,1532 9544,1538"/>
                <TextEquiv>
                    <Unicode>Preußiſchen Staats-Anzeigers:</Unicode>
                </TextEquiv>
            </TextLine>
            <TextLine id="r21l5" custom="readingOrder {index:4;}">
                <Coords points="9060,1547 9536,1547 9552,1580 9552,1594 9356,1600 9189,1600 9060,1589"/>
                <Baseline points="9060,1584 9356,1590 9386,1590 9476,1592 9493,1593 9552,1594"/>
                <TextEquiv>
                    <Unicode>Zieten⸗Platz Nr. 3.</Unicode>
                </TextEquiv>
            </TextLine>
            <TextEquiv>
                <Unicode>Alle Poſt-Anſtalten des In- und
Auslandes nehmen Beſtellung an,
für Berlin die Expedition des Königl.
Preußiſchen Staats-Anzeigers:
Zieten⸗Platz Nr. 3.</Unicode>
            </TextEquiv>
        </TextRegion>
        <GraphicRegion id="r_14" custom="readingOrder {index:22;}">
            <Coords points="7320,1518 8136,1518 8136,2338 7320,2338"/>
        </GraphicRegion>
        <TextRegion type="header" id="r22" custom="readingOrder {index:23;} structure {type:header;}">
            <Coords points="5731,2422 6207,2422 6207,2548 5731,2548"/>
            <TextLine id="r22l1" custom="readingOrder {index:0;}">
                <Coords points="5762,2422 6185,2422 6185,2546 5762,2546"/>
                <Baseline points="5773,2535 6172,2538"/>
                <TextEquiv>
                    <Unicode>No 19.</Unicode>
                </TextEquiv>
            </TextLine>
            <TextEquiv>
                <Unicode>No 19.</Unicode>
            </TextEquiv>
        </TextRegion>
        <TextRegion type="header" id="r23" custom="readingOrder {index:24;} structure {type:header;}">
            <Coords points="6751,2447 8727,2447 8727,2586 6751,2586"/>
            <TextLine id="r23l1" custom="readingOrder {index:0;}">
                <Coords points="6783,2458 6842,2457 7043,2457 7493,2459 7916,2469 8452,2483 8692,2495 8692,2569 8315,2575 8297,2575 7451,2563 6842,2552 6783,2535"/>
                <Baseline points="6783,2527 7144,2536 7209,2537 7585,2542 7642,2543 7760,2545 7821,2545 7934,2548 7995,2550 8315,2559 8384,2561 8692,2550"/>
                <TextEquiv>
                    <Unicode>Berlin, Mittwoch den 18. Januar, Abends.</Unicode>
                </TextEquiv>
            </TextLine>
            <TextEquiv>
                <Unicode>Berlin, Mittwoch den 18. Januar, Abends.</Unicode>
            </TextEquiv>
        </TextRegion>
        <TextRegion type="header" id="r24" custom="readingOrder {index:25;} structure {type:header;}">
            <Coords points="9339,2489 9683,2489 9683,2611 9339,2611"/>
            <TextLine id="r24l1" custom="readingOrder {index:0;}">
                <Coords points="9369,2510 9431,2507 9491,2507 9611,2513 9652,2576 9652,2601 9500,2601 9431,2599 9369,2597"/>
                <Baseline points="9369,2597 9652,2594"/>
                <TextEquiv>
                    <Unicode>1871.</Unicode>
                </TextEquiv>
            </TextLine>
            <TextEquiv>
                <Unicode>1871.</Unicode>
            </TextEquiv>
        </TextRegion>
        <TextRegion type="heading" id="r25" custom="readingOrder {index:26;} structure {type:heading;}">
            <Coords points="6200,2710 7219,2710 7219,2809 6200,2809"/>
            <TextLine id="r25l1" custom="readingOrder {index:0;}">
                <Coords points="6211,2724 6288,2724 6861,2729 7073,2733 7142,2735 7207,2737 7207,2805 6905,2809 6631,2809 6211,2808"/>
                <Baseline points="6211,2792 6338,2793 6392,2793 6533,2796 6583,2797 6952,2800 6998,2801 7207,2805"/>
                <TextEquiv>
                    <Unicode>An das Deutſche Volk!</Unicode>
                </TextEquiv>
            </TextLine>
            <TextEquiv>
                <Unicode>An das Deutſche Volk!</Unicode>
            </TextEquiv>
        </TextRegion>
        <TextRegion type="paragraph" id="r26" custom="readingOrder {index:27;} structure {type:paragraph;}">
            <Coords points="5665,2807 7681,2806 7604,6425 5665,6418"/>
            <TextLine id="r26l1" custom="readingOrder {index:0;}">
                <Coords points="6406,2814 6510,2814 6947,2815 7003,2839 7003,2905 6657,2905 6406,2884"/>
                <Baseline points="6406,2884 6556,2884 6601,2885 7003,2890"/>
                <TextEquiv>
                    <Unicode>Wir Wilhelm,</Unicode>
                </TextEquiv>
            </TextLine>
            <TextLine id="r26l2" custom="readingOrder {index:1;}">
                <Coords points="5953,2942 5964,2903 6137,2895 6198,2895 7373,2912 7466,2935 7466,2998 7164,2998 6907,2994 5953,2965 5949,2959 5953,2955"/>
                <Baseline points="5958,2961 6085,2963 6137,2965 6360,2968 6416,2969 6683,2972 6733,2972 6942,2974 6993,2975 7112,2977 7164,2978 7466,2983"/>
                <TextEquiv>
                    <Unicode>von Gottes Gnaden König von Preußen,</Unicode>
                </TextEquiv>
            </TextLine>
            <TextLine id="r26l3" custom="readingOrder {index:2;}">
                <Coords points="5752,2999 5828,2980 5898,2980 6471,2986 7142,2997 7416,3002 7565,3005 7641,3024 7641,3073 7061,3079 7035,3079 6703,3078 6238,3072 5828,3061 5752,3047"/>
                <Baseline points="5752,3047 6038,3051 6075,3051 6166,3054 6191,3054 6529,3057 6568,3058 6820,3061 6857,3061 6984,3063 7035,3063 7221,3066 7259,3067 7494,3071 7531,3072 7641,3060"/>
                <TextEquiv>
                    <Unicode>nachdem die Deutſchen Fürſten und freien Städte den</Unicode>
                </TextEquiv>
            </TextLine>
            <TextLine id="r26l4" custom="readingOrder {index:3;}">
                <Coords points="5753,3069 6166,3069 7553,3090 7643,3112 7643,3159 7553,3175 7492,3175 6758,3167 6056,3157 5993,3154 5753,3136"/>
                <Baseline points="5753,3136 6166,3140 6212,3141 6352,3142 6412,3142 6494,3144 6557,3145 6698,3147 6758,3147 7029,3151 7078,3151 7287,3154 7336,3155 7446,3157 7492,3158 7643,3147"/>
                <TextEquiv>
                    <Unicode>einmüthigen Ruf an Uns gerichtet haben, mit Her⸗</Unicode>
                </TextEquiv>
            </TextLine>
            <TextLine id="r26l5" custom="readingOrder {index:4;}">
                <Coords points="5749,3155 6009,3155 6570,3160 7192,3171 7383,3176 7519,3181 7643,3199 7643,3247 7383,3261 7351,3261 5976,3245 5749,3227"/>
                <Baseline points="5749,3222 6009,3225 6068,3226 6173,3228 6237,3229 6570,3233 6617,3234 6867,3236 6916,3236 7034,3238 7097,3239 7192,3240 7255,3241 7421,3244 7485,3245 7643,3247"/>
                <TextEquiv>
                    <Unicode>ſtellung des Deutſchen Reiches die ſeit mehr denn</Unicode>
                </TextEquiv>
            </TextLine>
            <TextLine id="r26l6" custom="readingOrder {index:5;}">
                <Coords points="5744,3242 5787,3242 5976,3243 6833,3252 7153,3256 7306,3263 7638,3286 7638,3334 7432,3347 7409,3347 6558,3339 5889,3330 5744,3314"/>
                <Baseline points="5744,3314 5835,3314 5889,3313 6144,3313 6213,3314 6488,3319 6558,3320 6848,3323 6916,3324 7341,3329 7409,3330 7481,3332 7557,3333 7638,3334"/>
                <TextEquiv>
                    <Unicode>60 Jahren ruhende Deutſche Kaiſerwürde zu er⸗</Unicode>
                </TextEquiv>
            </TextLine>
            <TextLine id="r26l7" custom="readingOrder {index:6;}">
                <Coords points="5741,3348 6142,3334 6176,3334 7005,3343 7571,3353 7638,3374 7638,3422 7209,3427 7158,3427 6249,3421 5741,3397"/>
                <Baseline points="5741,3397 5978,3399 6045,3400 6176,3401 6249,3402 6318,3403 6367,3403 6805,3409 6876,3410 7005,3411 7066,3411 7344,3416 7406,3417 7468,3418 7536,3419 7638,3421"/>
                <TextEquiv>
                    <Unicode>neuern und zu übernehmen, und nachdem in der</Unicode>
                </TextEquiv>
            </TextLine>
            <TextLine id="r26l8" custom="readingOrder {index:7;}">
                <Coords points="5748,3417 5827,3417 6203,3420 7578,3436 7633,3460 7633,3507 7578,3519 7153,3519 5789,3509 5748,3487"/>
                <Baseline points="5748,3487 6119,3488 6169,3489 6280,3491 6327,3491 6663,3494 6699,3496 6967,3498 7018,3499 7108,3500 7153,3500 7633,3495"/>
                <TextEquiv>
                    <Unicode>Verfaſſung des Deutſchen Bundes die entſprechenden</Unicode>
                </TextEquiv>
            </TextLine>
            <TextLine id="r26l9" custom="readingOrder {index:8;}">
                <Coords points="5737,3503 5816,3503 5903,3504 7081,3518 7631,3526 7631,3610 7601,3610 5778,3595 5737,3573"/>
                <Baseline points="5737,3573 6242,3576 6295,3577 6644,3582 6683,3582 6826,3583 6874,3584 7176,3588 7212,3588 7464,3592 7516,3593 7631,3594"/>
                <TextEquiv>
                    <Unicode>Beſtimmungen vorgeſehen ſind, bekunden hiermit, daß</Unicode>
                </TextEquiv>
            </TextLine>
            <TextLine id="r26l10" custom="readingOrder {index:9;}">
                <Coords points="5734,3590 5906,3590 6580,3599 7473,3611 7544,3615 7630,3635 7630,3682 7249,3693 7021,3694 6988,3694 6392,3686 6352,3685 5734,3669"/>
                <Baseline points="5734,3660 5906,3660 5933,3660 6000,3661 6048,3661 6145,3663 6195,3663 6321,3664 6352,3665 6580,3668 6611,3668 6795,3671 6833,3671 6951,3672 6988,3673 7378,3678 7411,3679 7630,3670"/>
                <TextEquiv>
                    <Unicode>Wir es als eine Pflicht gegen das gemeinſame Vater⸗</Unicode>
                </TextEquiv>
            </TextLine>
            <TextLine id="r26l11" custom="readingOrder {index:10;}">
                <Coords points="5726,3676 5756,3676 6250,3681 6789,3688 7102,3694 7357,3699 7404,3700 7585,3704 7627,3721 7627,3768 7585,3769 6979,3774 6933,3774 6297,3769 5935,3759 5726,3747"/>
                <Baseline points="5726,3747 5883,3746 5935,3747 6250,3750 6297,3751 6522,3753 6584,3754 6789,3758 6839,3759 7005,3760 7069,3760 7171,3762 7223,3762 7627,3767"/>
                <TextEquiv>
                    <Unicode>land betrachtet haben, dieſem Rufe der verbündeten</Unicode>
                </TextEquiv>
            </TextLine>
            <TextLine id="r26l12" custom="readingOrder {index:11;}">
                <Coords points="5732,3764 6065,3764 7445,3783 7625,3791 7625,3857 7445,3870 7252,3870 6925,3868 6119,3855 5775,3846 5732,3834"/>
                <Baseline points="5732,3834 6065,3835 6119,3835 6373,3839 6412,3839 6567,3842 6610,3842 6848,3845 6899,3844 7086,3847 7131,3848 7203,3849 7252,3850 7445,3853 7497,3854 7625,3856"/>
                <TextEquiv>
                    <Unicode>Deutſchen Fürſten und Städte Folge zu leiſten und</Unicode>
                </TextEquiv>
            </TextLine>
            <TextLine id="r26l13" custom="readingOrder {index:12;}">
                <Coords points="5728,3850 5826,3850 6171,3853 7624,3873 7624,3956 7446,3961 7388,3961 6788,3951 6063,3937 5728,3919"/>
                <Baseline points="5728,3918 5826,3920 5882,3920 6171,3924 6216,3925 6644,3929 6702,3930 7135,3935 7239,3937 7624,3943"/>
                <TextEquiv>
                    <Unicode>die Deutſche Kaiſerwürde anzunehmen. Demgemäß</Unicode>
                </TextEquiv>
            </TextLine>
            <TextLine id="r26l14" custom="readingOrder {index:13;}">
                <Coords points="5728,3950 5821,3942 6206,3942 7223,3953 7558,3963 7626,3982 7626,4031 7223,4043 7097,4043 6644,4034 5821,4009 5728,4004"/>
                <Baseline points="5728,4004 5971,4009 6059,4011 6206,4011 6308,4012 6439,4014 6535,4015 6758,4018 6863,4020 7223,4024 7328,4026 7423,4028 7525,4030 7626,4031"/>
                <TextEquiv>
                    <Unicode>werden Wir und Unſere Nachfolger an der</Unicode>
                </TextEquiv>
            </TextLine>
            <TextLine id="r26l15" custom="readingOrder {index:14;}">
                <Coords points="5724,4025 5785,4025 6225,4027 7250,4038 7578,4049 7622,4069 7622,4116 7250,4125 6858,4125 6016,4117 5724,4095"/>
                <Baseline points="5724,4093 5936,4097 6016,4097 6306,4099 6382,4100 6591,4103 6674,4104 6786,4105 6858,4106 7250,4112 7321,4114 7480,4114 7561,4115 7622,4104"/>
                <TextEquiv>
                    <Unicode>Krone Preußen fortan den Kaiſerlichen Titel in</Unicode>
                </TextEquiv>
            </TextLine>
            <TextLine id="r26l16" custom="readingOrder {index:15;}">
                <Coords points="5723,4133 5769,4115 5887,4115 6253,4116 6754,4120 7548,4135 7620,4156 7620,4203 7458,4219 7341,4220 7072,4220 6612,4213 6063,4200 5723,4180"/>
                <Baseline points="5723,4168 5887,4182 5983,4183 6253,4186 6327,4188 6754,4191 6847,4192 6977,4195 7072,4196 7620,4191"/>
                <TextEquiv>
                    <Unicode>allen Unſeren Beziehungen und Angelegenheiten</Unicode>
                </TextEquiv>
            </TextLine>
            <TextLine id="r26l17" custom="readingOrder {index:16;}">
                <Coords points="5721,4200 5833,4200 6263,4202 6588,4205 7381,4219 7619,4243 7619,4294 7574,4309 7549,4309 5926,4288 5721,4267"/>
                <Baseline points="5721,4250 5833,4269 5926,4270 6263,4274 6334,4275 6588,4278 6680,4278 6939,4281 7030,4282 7173,4284 7256,4285 7452,4289 7549,4292 7619,4293"/>
                <TextEquiv>
                    <Unicode>des Deutſchen Reiches führen, und hoffen zu</Unicode>
                </TextEquiv>
            </TextLine>
            <TextLine id="r26l18" custom="readingOrder {index:17;}">
                <Coords points="5680,4285 5798,4285 6100,4288 7553,4307 7574,4309 7619,4329 7619,4376 7553,4389 7280,4393 7247,4393 5753,4369 5680,4359"/>
                <Baseline points="5680,4359 5900,4356 5986,4356 6100,4357 6174,4358 6240,4359 6312,4361 6418,4362 6464,4363 6812,4367 6862,4368 7101,4369 7173,4370 7425,4374 7500,4375 7619,4364"/>
                <TextEquiv>
                    <Unicode>Gott, daß es der Deutſchen Nation gegeben ſein</Unicode>
                </TextEquiv>
            </TextLine>
            <TextLine id="r26l19" custom="readingOrder {index:18;}">
                <Coords points="5686,4386 5743,4373 5877,4373 7387,4389 7530,4394 7589,4398 7616,4427 7616,4452 7589,4480 7387,4484 7354,4484 6460,4470 5743,4457 5686,4439"/>
                <Baseline points="5686,4425 5935,4442 5994,4443 6170,4444 6232,4445 6359,4448 6415,4449 6838,4453 6897,4454 7064,4456 7111,4457 7270,4458 7319,4459 7616,4445"/>
                <TextEquiv>
                    <Unicode>werde, unter dem Wahrzeichen ihrer alten Herrlich⸗</Unicode>
                </TextEquiv>
            </TextLine>
            <TextLine id="r26l20" custom="readingOrder {index:19;}">
                <Coords points="5714,4460 5823,4460 7110,4470 7614,4486 7614,4550 7432,4558 7215,4563 6678,4563 5714,4529"/>
                <Baseline points="5714,4529 5823,4528 5880,4529 6001,4531 6048,4531 6394,4534 6463,4534 6624,4537 6678,4538 7110,4542 7160,4543 7432,4547 7491,4549 7614,4534"/>
                <TextEquiv>
                    <Unicode>keit das Vaterland einer ſegensreichen Zukunft ent⸗</Unicode>
                </TextEquiv>
            </TextLine>
            <TextLine id="r26l21" custom="readingOrder {index:20;}">
                <Coords points="5713,4567 5981,4550 6208,4550 7340,4562 7611,4569 7611,4637 7340,4647 6916,4648 6878,4648 5787,4637 5713,4631"/>
                <Baseline points="5713,4614 6208,4619 6271,4620 6419,4622 6443,4622 6847,4626 6878,4627 6970,4628 6995,4628 7340,4634 7367,4635 7611,4620"/>
                <TextEquiv>
                    <Unicode>gegenzuführen. Wir übernehmen die Kaiſerliche Würde</Unicode>
                </TextEquiv>
            </TextLine>
            <TextLine id="r26l22" custom="readingOrder {index:21;}">
                <Coords points="5709,4620 5730,4620 7310,4651 7467,4655 7614,4675 7614,4725 7310,4737 7100,4737 6663,4730 6059,4720 5709,4702"/>
                <Baseline points="5709,4702 5775,4702 5842,4702 5975,4704 6023,4706 6411,4708 6477,4709 6580,4710 6627,4711 6878,4713 6941,4714 7006,4715 7082,4716 7368,4720 7415,4721 7614,4724"/>
                <TextEquiv>
                    <Unicode>in dem Bewußtſein der Pflicht, in deutſcher Treue</Unicode>
                </TextEquiv>
            </TextLine>
            <TextLine id="r26l23" custom="readingOrder {index:22;}">
                <Coords points="5710,4722 5753,4721 5771,4721 6343,4726 7131,4735 7568,4740 7609,4762 7609,4826 7568,4827 7350,4827 5934,4814 5710,4791"/>
                <Baseline points="5710,4791 5803,4791 5848,4791 6061,4793 6111,4793 6215,4795 6266,4796 6483,4797 6534,4798 6661,4799 6714,4799 6899,4801 6935,4802 7184,4804 7230,4805 7301,4805 7350,4806 7609,4810"/>
                <TextEquiv>
                    <Unicode>die Rechte des Reichs und ſeiner Glieder zu ſchützen,</Unicode>
                </TextEquiv>
            </TextLine>
            <TextLine id="r26l24" custom="readingOrder {index:23;}">
                <Coords points="5708,4809 5743,4809 5921,4810 6677,4818 6919,4821 7135,4824 7399,4828 7579,4831 7604,4860 7604,4885 7579,4913 7525,4914 7361,4914 6881,4913 5873,4896 5708,4877"/>
                <Baseline points="5708,4876 5820,4877 5873,4878 6130,4879 6177,4880 6254,4881 6302,4882 6567,4885 6618,4886 6711,4887 6750,4888 7284,4894 7319,4894 7599,4890"/>
                <TextEquiv>
                    <Unicode>den Frieden zu wahren, die Unabhängigkeit Deutſch⸗</Unicode>
                </TextEquiv>
            </TextLine>
            <TextLine id="r26l25" custom="readingOrder {index:24;}">
                <Coords points="5697,4895 5724,4895 6269,4899 7015,4909 7509,4916 7605,4922 7605,4985 7436,4999 7413,4999 7149,4998 6789,4996 6037,4988 5915,4981 5697,4963"/>
                <Baseline points="5697,4946 5929,4965 6037,4966 6269,4968 6367,4970 6479,4972 6583,4974 6674,4974 6789,4975 7015,4978 7117,4979 7301,4981 7413,4982 7605,4984"/>
                <TextEquiv>
                    <Unicode>lands, geſtützt auf die geeinte Kraft ſeines</Unicode>
                </TextEquiv>
            </TextLine>
            <TextLine id="r26l26" custom="readingOrder {index:25;}">
                <Coords points="5701,4983 5829,4983 6531,4988 7570,5005 7605,5023 7605,5071 7155,5086 7129,5086 6401,5078 6000,5073 5701,5053"/>
                <Baseline points="5701,5053 5952,5053 6000,5053 6069,5054 6105,5054 6531,5059 6624,5061 6773,5063 6820,5063 7076,5066 7129,5067 7202,5067 7251,5068 7333,5069 7381,5069 7444,5070 7499,5071 7605,5059"/>
                <TextEquiv>
                    <Unicode>Volkes, zu vertheidigen. Wir nehmen ſie an in der</Unicode>
                </TextEquiv>
            </TextLine>
            <TextLine id="r26l27" custom="readingOrder {index:26;}">
                <Coords points="5696,5071 5805,5070 5870,5070 6237,5071 7551,5090 7598,5110 7598,5158 7504,5174 7113,5174 5832,5160 5696,5156"/>
                <Baseline points="5696,5137 6057,5141 6120,5142 6237,5143 6300,5143 6434,5145 6484,5146 6817,5150 6869,5151 7055,5153 7113,5154 7415,5157 7477,5157 7598,5146"/>
                <TextEquiv>
                    <Unicode>Hoffnung, daß dem Deutſchen Volke vergönnt ſein</Unicode>
                </TextEquiv>
            </TextLine>
            <TextLine id="r26l28" custom="readingOrder {index:27;}">
                <Coords points="5697,5171 5756,5158 5852,5158 6829,5165 7351,5174 7470,5178 7593,5197 7593,5245 7513,5265 7104,5265 5870,5243 5697,5226"/>
                <Baseline points="5697,5226 5883,5227 5946,5227 6057,5228 6125,5229 6336,5230 6365,5231 6556,5233 6621,5234 6829,5237 6903,5238 7029,5239 7104,5240 7593,5245"/>
                <TextEquiv>
                    <Unicode>wird, den Lohn ſeiner heißen und opfermüthigen</Unicode>
                </TextEquiv>
            </TextLine>
            <TextLine id="r26l29" custom="readingOrder {index:28;}">
                <Coords points="5692,5243 5958,5243 7594,5265 7594,5331 7485,5348 7269,5348 6695,5340 5903,5327 5862,5326 5692,5314"/>
                <Baseline points="5692,5313 5958,5315 6058,5315 6125,5316 6221,5317 6596,5321 6695,5322 6954,5325 7046,5326 7176,5328 7269,5328 7594,5331"/>
                <TextEquiv>
                    <Unicode>Kämpfe in dauerndem Frieden und innerhalb</Unicode>
                </TextEquiv>
            </TextLine>
            <TextLine id="r26l30" custom="readingOrder {index:29;}">
                <Coords points="5693,5332 5919,5332 6560,5337 7595,5352 7595,5421 6939,5431 6850,5431 6036,5420 5693,5400"/>
                <Baseline points="5693,5399 5799,5400 5857,5401 6137,5403 6239,5404 6282,5405 6347,5406 6662,5409 6735,5410 6939,5413 7010,5414 7139,5415 7213,5416 7595,5421"/>
                <TextEquiv>
                    <Unicode>der Grenzen zu genießen, welche dem Vaterlande</Unicode>
                </TextEquiv>
            </TextLine>
            <TextLine id="r26l31" custom="readingOrder {index:30;}">
                <Coords points="5693,5419 5961,5419 7220,5433 7513,5450 7591,5459 7591,5508 7513,5527 7439,5528 7405,5528 7112,5525 6025,5509 5856,5504 5693,5487"/>
                <Baseline points="5693,5486 5786,5487 5856,5488 5961,5489 6025,5489 6546,5495 6619,5496 6924,5500 6984,5500 7331,5505 7405,5506 7591,5508"/>
                <TextEquiv>
                    <Unicode>die ſeit Jahrhunderten entbehrte Sicherung gegen</Unicode>
                </TextEquiv>
            </TextLine>
            <TextLine id="r26l32" custom="readingOrder {index:31;}">
                <Coords points="5694,5524 5881,5508 5900,5508 6215,5509 6709,5512 7523,5529 7593,5546 7593,5596 7124,5605 6783,5605 6093,5598 5694,5589"/>
                <Baseline points="5694,5572 5936,5575 5987,5576 6269,5579 6315,5580 6709,5583 6783,5585 7124,5589 7242,5591 7384,5593 7446,5594 7593,5596"/>
                <TextEquiv>
                    <Unicode>erneute Angriffe Frankreichs gewähren. Uns aber</Unicode>
                </TextEquiv>
            </TextLine>
            <TextLine id="r26l33" custom="readingOrder {index:32;}">
                <Coords points="5685,5611 5781,5593 5820,5593 5945,5594 6589,5600 7020,5606 7592,5616 7592,5683 7114,5694 6963,5694 6226,5688 5899,5680 5685,5662"/>
                <Baseline points="5685,5662 5820,5660 5865,5661 6135,5666 6183,5668 6589,5669 6664,5670 6746,5671 6813,5672 6917,5673 6963,5674 7356,5680 7414,5681 7592,5683"/>
                <TextEquiv>
                    <Unicode>und Unſeren Nachfolgern an der Kaiſerkrone wolle</Unicode>
                </TextEquiv>
            </TextLine>
            <TextLine id="r26l34" custom="readingOrder {index:33;}">
                <Coords points="5689,5680 5761,5680 7249,5694 7432,5699 7548,5703 7589,5706 7589,5770 7548,5785 7368,5785 6987,5782 5897,5770 5689,5749"/>
                <Baseline points="5689,5747 5850,5749 5897,5749 6208,5753 6277,5754 6473,5756 6521,5757 6779,5759 6829,5760 6937,5761 6987,5762 7320,5767 7368,5768 7589,5754"/>
                <TextEquiv>
                    <Unicode>Gott verleihen, allzeit Mehrer des Deutſchen Reichs</Unicode>
                </TextEquiv>
            </TextLine>
            <TextLine id="r26l35" custom="readingOrder {index:34;}">
                <Coords points="5684,5786 5806,5767 5940,5767 6756,5775 7354,5786 7471,5791 7587,5808 7587,5857 7354,5871 7327,5871 7131,5870 5684,5855"/>
                <Baseline points="5684,5835 5756,5836 5806,5836 5940,5836 6012,5837 6165,5839 6212,5840 6299,5842 6345,5843 6756,5847 6806,5847 7267,5853 7327,5854 7587,5857"/>
                <TextEquiv>
                    <Unicode>zu ſein, nicht an kriegeriſchen Eroberungen, ſondern</Unicode>
                </TextEquiv>
            </TextLine>
            <TextLine id="r26l36" custom="readingOrder {index:35;}">
                <Coords points="5684,5873 5819,5856 5987,5854 6047,5854 7008,5866 7487,5876 7587,5896 7587,5945 7409,5959 7384,5959 6941,5953 5684,5922"/>
                <Baseline points="5684,5922 5766,5923 5819,5923 5931,5923 5987,5925 6230,5927 6302,5928 6433,5930 6486,5931 6710,5934 6782,5934 6888,5935 6941,5936 7239,5940 7298,5940 7409,5942 7453,5942 7587,5944"/>
                <TextEquiv>
                    <Unicode>an den Gütern und Gaben des Friedens auf dem</Unicode>
                </TextEquiv>
            </TextLine>
            <TextLine id="r26l37" custom="readingOrder {index:36;}">
                <Coords points="5683,5940 5929,5940 6356,5943 7175,5954 7528,5962 7586,5983 7586,6032 7175,6042 6915,6042 6504,6040 5683,6011"/>
                <Baseline points="5683,6011 5929,6011 6008,6011 6356,6016 6438,6019 6823,6022 6915,6023 7175,6026 7250,6027 7381,6029 7462,6031 7586,6019"/>
                <TextEquiv>
                    <Unicode>Gebiete nationaler Wohlfahrt, Freiheit und Ge⸗</Unicode>
                </TextEquiv>
            </TextLine>
            <TextLine id="r26l38" custom="readingOrder {index:37;}">
                <Coords points="5681,6028 5888,6028 5928,6049 5928,6117 5709,6117 5681,6114"/>
                <Baseline points="5681,6098 5928,6100"/>
                <TextEquiv>
                    <Unicode>ſittung.</Unicode>
                </TextEquiv>
            </TextLine>
            <TextLine id="r26l39" custom="readingOrder {index:38;}">
                <Coords points="5859,6118 5921,6118 6268,6120 6621,6125 6691,6145 6691,6195 6448,6205 5997,6207 5962,6207 5859,6187"/>
                <Baseline points="5859,6187 6143,6188 6189,6187 6691,6195"/>
                <TextEquiv>
                    <Unicode>Gegeben Hauptquartier</Unicode>
                </TextEquiv>
            </TextLine>
            <TextLine id="r26l40" custom="readingOrder {index:39;}">
                <Coords points="5678,6201 6031,6201 6873,6213 6912,6215 6912,6284 6873,6298 6808,6298 5717,6290 5678,6272"/>
                <Baseline points="5678,6272 6031,6275 6078,6276 6193,6275 6258,6276 6351,6277 6402,6276 6674,6281 6722,6282 6907,6284"/>
                <TextEquiv>
                    <Unicode>Verſailles, den 17. Januar 1871.</Unicode>
                </TextEquiv>
            </TextLine>
            <TextLine id="r26l41" custom="readingOrder {index:40;}">
                <Coords points="6992,6304 7292,6304 7358,6307 7446,6331 7479,6362 7479,6393 7292,6403 7059,6403 6992,6388"/>
                <Baseline points="6992,6386 7479,6393"/>
                <TextEquiv>
                    <Unicode>Wilhelm.</Unicode>
                </TextEquiv>
            </TextLine>
            <TextEquiv>
                <Unicode>Wir Wilhelm,
von Gottes Gnaden König von Preußen,
nachdem die Deutſchen Fürſten und freien Städte den
einmüthigen Ruf an Uns gerichtet haben, mit Her⸗
ſtellung des Deutſchen Reiches die ſeit mehr denn
60 Jahren ruhende Deutſche Kaiſerwürde zu er⸗
neuern und zu übernehmen, und nachdem in der
Verfaſſung des Deutſchen Bundes die entſprechenden
Beſtimmungen vorgeſehen ſind, bekunden hiermit, daß
Wir es als eine Pflicht gegen das gemeinſame Vater⸗
land betrachtet haben, dieſem Rufe der verbündeten
Deutſchen Fürſten und Städte Folge zu leiſten und
die Deutſche Kaiſerwürde anzunehmen. Demgemäß
werden Wir und Unſere Nachfolger an der
Krone Preußen fortan den Kaiſerlichen Titel in
allen Unſeren Beziehungen und Angelegenheiten
des Deutſchen Reiches führen, und hoffen zu
Gott, daß es der Deutſchen Nation gegeben ſein
werde, unter dem Wahrzeichen ihrer alten Herrlich⸗
keit das Vaterland einer ſegensreichen Zukunft ent⸗
gegenzuführen. Wir übernehmen die Kaiſerliche Würde
in dem Bewußtſein der Pflicht, in deutſcher Treue
die Rechte des Reichs und ſeiner Glieder zu ſchützen,
den Frieden zu wahren, die Unabhängigkeit Deutſch⸗
lands, geſtützt auf die geeinte Kraft ſeines
Volkes, zu vertheidigen. Wir nehmen ſie an in der
Hoffnung, daß dem Deutſchen Volke vergönnt ſein
wird, den Lohn ſeiner heißen und opfermüthigen
Kämpfe in dauerndem Frieden und innerhalb
der Grenzen zu genießen, welche dem Vaterlande
die ſeit Jahrhunderten entbehrte Sicherung gegen
erneute Angriffe Frankreichs gewähren. Uns aber
und Unſeren Nachfolgern an der Kaiſerkrone wolle
Gott verleihen, allzeit Mehrer des Deutſchen Reichs
zu ſein, nicht an kriegeriſchen Eroberungen, ſondern
an den Gütern und Gaben des Friedens auf dem
Gebiete nationaler Wohlfahrt, Freiheit und Ge⸗
ſittung.
Gegeben Hauptquartier
Verſailles, den 17. Januar 1871.
Wilhelm.</Unicode>
            </TextEquiv>
        </TextRegion>
        <TextRegion type="paragraph" id="r27" custom="readingOrder {index:28;} structure {type:paragraph;}">
            <Coords points="5644,6490 7596,6490 7596,6992 5644,6992"/>
            <TextLine id="r27l1" custom="readingOrder {index:0;}">
                <Coords points="5804,6504 7557,6500 7582,6500 7583,6523 7583,6591 7582,6595 7557,6595 6936,6588 6005,6573 5804,6559"/>
                <Baseline points="5804,6559 5906,6558 5944,6559 6263,6562 6313,6562 6421,6563 6458,6564 6678,6565 6734,6566 6901,6567 6936,6569 7324,6576 7377,6577 7557,6580 7582,6580 7583,6580"/>
                <TextEquiv>
                    <Unicode>Se. Majeſtät der König haben Allergnädigſt geruht'</Unicode>
                </TextEquiv>
            </TextLine>
            <TextLine id="r27l2" custom="readingOrder {index:1;}">
                <Coords points="5668,6575 5765,6569 6087,6569 6305,6575 6754,6591 6754,6630 6417,6638 6305,6639 5794,6639 5668,6630"/>
                <Baseline points="5668,6618 5732,6620 5765,6622 6364,6630 6395,6630 6456,6630 6497,6631 6754,6630"/>
                <TextEquiv>
                    <Unicode>zu Kreisgerichts⸗Räthen zu ernennen</Unicode>
                </TextEquiv>
            </TextLine>
            <TextLine id="r27l3" custom="readingOrder {index:2;}">
                <Coords points="5801,6637 5823,6637 6406,6639 7319,6643 7542,6656 7576,6669 7576,6711 7319,6716 6703,6716 5880,6705 5801,6697"/>
                <Baseline points="5801,6692 6036,6692 6070,6693 6406,6698 6444,6698 6559,6698 6595,6698 7319,6708 7373,6708 7576,6710"/>
                <TextEquiv>
                    <Unicode>folgende Kreisrichter und Deputations⸗Dirigenten: Witte</Unicode>
                </TextEquiv>
            </TextLine>
            <TextLine id="r27l4" custom="readingOrder {index:3;}">
                <Coords points="5668,6693 5688,6693 7278,6712 7502,6721 7574,6736 7574,6775 7278,6783 7248,6783 6082,6772 5759,6756 5668,6747"/>
                <Baseline points="5669,6747 5718,6751 5759,6756 6161,6759 6195,6761 6510,6765 6549,6765 6604,6765 6641,6766 6916,6763 6951,6766 7278,6770 7335,6771 7391,6773 7428,6774 7574,6768"/>
                <TextEquiv>
                    <Unicode>in Oranienburg, Meißner in Schönau, Reiſewitz in Neu⸗</Unicode>
                </TextEquiv>
            </TextLine>
            <TextLine id="r27l5" custom="readingOrder {index:4;}">
                <Coords points="5674,6772 5739,6765 5765,6765 7243,6782 7392,6785 7566,6790 7566,6841 7392,6851 7325,6851 6293,6844 5998,6838 5795,6831 5674,6812"/>
                <Baseline points="5674,6812 5811,6822 5845,6823 6162,6827 6195,6826 6254,6827 6293,6828 6607,6838 6666,6841 7057,6834 7092,6834 7150,6834 7188,6835 7290,6837 7325,6837 7566,6841"/>
                <TextEquiv>
                    <Unicode>rode, Langrock in Oſterwieck, Birnbaum in Pr. Holland</Unicode>
                </TextEquiv>
            </TextLine>
            <TextLine id="r27l6" custom="readingOrder {index:5;}">
                <Coords points="5677,6825 5731,6825 7362,6849 7438,6852 7572,6867 7572,6920 7520,6920 6760,6913 6473,6910 6136,6905 5777,6895 5677,6889"/>
                <Baseline points="5677,6889 5903,6890 5939,6890 5999,6891 6033,6892 6369,6897 6407,6897 6632,6900 6668,6901 6725,6901 6760,6901 7089,6903 7141,6903 7254,6904 7290,6904 7572,6906"/>
                <TextEquiv>
                    <Unicode>Petzelt in Mehlauken, Moſer in Fiſchhauſen und Wehme,</Unicode>
                </TextEquiv>
            </TextLine>
            <TextLine id="r27l7" custom="readingOrder {index:6;}">
                <Coords points="5657,6899 5754,6898 5944,6898 5983,6918 5983,6970 5944,6971 5788,6971 5657,6956"/>
                <Baseline points="5657,6956 5720,6955 5754,6955 5983,6957"/>
                <TextEquiv>
                    <Unicode>in Goſtyn,</Unicode>
                </TextEquiv>
            </TextLine>
            <TextEquiv>
                <Unicode>Se. Majeſtät der König haben Allergnädigſt geruht'
zu Kreisgerichts⸗Räthen zu ernennen
folgende Kreisrichter und Deputations⸗Dirigenten: Witte
in Oranienburg, Meißner in Schönau, Reiſewitz in Neu⸗
rode, Langrock in Oſterwieck, Birnbaum in Pr. Holland
Petzelt in Mehlauken, Moſer in Fiſchhauſen und Wehme,
in Goſtyn,</Unicode>
            </TextEquiv>
        </TextRegion>
        <TextRegion type="paragraph" id="r28" custom="readingOrder {index:29;} structure {type:paragraph;}">
            <Coords points="7720,2717 9677,2757 9677,3651 7694,3650"/>
            <TextLine id="r28l1" custom="readingOrder {index:0;}">
                <Coords points="7881,2751 7904,2751 9329,2766 9567,2788 9642,2803 9642,2844 9533,2847 9507,2847 8661,2842 7881,2816"/>
                <Baseline points="7881,2804 8115,2809 8135,2809 8461,2815 8500,2816 8607,2818 8628,2819 9335,2836 9373,2837 9642,2844"/>
                <TextEquiv>
                    <Unicode>folgende Kreisrichter und Abtheilungs⸗Dirigenten: Geißler</Unicode>
                </TextEquiv>
            </TextLine>
            <TextLine id="r28l2" custom="readingOrder {index:1;}">
                <Coords points="7743,2814 7762,2814 7938,2816 9020,2838 9414,2847 9616,2857 9642,2880 9642,2898 9616,2919 9587,2919 9282,2914 7901,2887 7836,2883 7743,2867"/>
                <Baseline points="7743,2867 7800,2867 7836,2868 8139,2875 8173,2877 8393,2882 8427,2882 8487,2884 8523,2884 8833,2889 8868,2890 9127,2896 9162,2897 9217,2899 9253,2900 9414,2904 9449,2905 9642,2893"/>
                <TextEquiv>
                    <Unicode>in Hechingen, Neſſel in Neumarkt, Kalbeck in Glatz, Orth⸗</Unicode>
                </TextEquiv>
            </TextLine>
            <TextLine id="r28l3" custom="readingOrder {index:2;}">
                <Coords points="7743,2894 7987,2887 8005,2887 8136,2888 9249,2905 9568,2921 9603,2924 9636,2945 9636,2963 9603,2976 9419,2977 9372,2977 9111,2976 8366,2956 7743,2933"/>
                <Baseline points="7743,2933 7949,2938 7987,2939 8042,2938 8079,2941 8381,2947 8429,2948 8743,2954 8797,2955 8854,2956 8893,2957 9249,2965 9305,2967 9636,2958"/>
                <TextEquiv>
                    <Unicode>mann in Namslau, Rintelen in Altenkirchen, Schmidt⸗</Unicode>
                </TextEquiv>
            </TextLine>
            <TextLine id="r28l4" custom="readingOrder {index:3;}">
                <Coords points="7742,2947 7770,2947 8252,2953 9064,2968 9424,2983 9671,3002 9671,3043 9336,3046 9319,3046 9036,3041 8085,3024 7742,3009"/>
                <Baseline points="7742,3000 7885,3003 7922,3004 7978,3005 8018,3006 8252,3011 8300,3011 8633,3019 8673,3020 8728,3021 8763,3022 9064,3028 9095,3029 9336,3035 9370,3036 9671,3043"/>
                <TextEquiv>
                    <Unicode>hals in Cüſtrin, Schwerin in Friedeberg N.⸗M., Renner</Unicode>
                </TextEquiv>
            </TextLine>
            <TextLine id="r28l5" custom="readingOrder {index:4;}">
                <Coords points="7739,3013 7758,3013 8118,3016 9561,3043 9636,3067 9636,3122 9561,3126 9276,3126 8041,3088 7739,3066"/>
                <Baseline points="7739,3066 7796,3067 7834,3068 8118,3075 8174,3076 8418,3081 8474,3082 8532,3084 8567,3084 8764,3087 8818,3089 9091,3095 9145,3096 9201,3097 9239,3099 9636,3108"/>
                <TextEquiv>
                    <Unicode>in Goldberg, Beling in Lüben, Kramer in Quedlinburg,</Unicode>
                </TextEquiv>
            </TextLine>
            <TextLine id="r28l6" custom="readingOrder {index:5;}">
                <Coords points="7738,3081 7944,3081 9518,3114 9632,3135 9632,3187 9518,3191 9478,3191 8147,3157 7738,3135"/>
                <Baseline points="7738,3134 8015,3139 8054,3140 8107,3142 8147,3143 8407,3148 8443,3148 8643,3152 8681,3152 8736,3153 8774,3154 9108,3161 9145,3162 9323,3167 9357,3168 9412,3169 9438,3170 9632,3175"/>
                <TextEquiv>
                    <Unicode>Bernau in Iſerlohn, Neide in Angerburg, Vogt in Marg⸗</Unicode>
                </TextEquiv>
            </TextLine>
            <TextLine id="r28l7" custom="readingOrder {index:6;}">
                <Coords points="7735,3160 7838,3152 7863,3152 8351,3154 9435,3176 9523,3186 9633,3200 9633,3253 9435,3257 9400,3257 7735,3212"/>
                <Baseline points="7735,3200 8008,3206 8032,3206 8432,3214 8469,3215 8527,3216 8548,3217 8857,3222 8893,3223 9138,3229 9174,3230 9230,3231 9256,3232 9633,3241"/>
                <TextEquiv>
                    <Unicode>grabowa, Gryezewski in Sensburg, Breyer in Braunsberg,</Unicode>
                </TextEquiv>
            </TextLine>
            <TextLine id="r28l8" custom="readingOrder {index:7;}">
                <Coords points="7732,3213 7926,3213 9368,3242 9586,3249 9631,3254 9631,3317 9549,3317 9423,3316 8161,3293 7772,3274 7732,3267"/>
                <Baseline points="7732,3266 8016,3272 8066,3274 8122,3274 8161,3276 8538,3282 8573,3283 8778,3286 8799,3287 8959,3291 8999,3292 9054,3293 9093,3294 9368,3299 9423,3301 9631,3308"/>
                <TextEquiv>
                    <Unicode>Schmidt in Liebenwerda, Wiedeburg in Eisleben, Haaſe</Unicode>
                </TextEquiv>
            </TextLine>
            <TextLine id="r28l9" custom="readingOrder {index:8;}">
                <Coords points="7730,3281 7748,3281 8089,3284 8787,3295 9448,3311 9628,3334 9628,3373 9448,3380 9306,3380 7827,3354 7730,3332"/>
                <Baseline points="7732,3332 7789,3333 7829,3335 8091,3341 8143,3342 8326,3346 8363,3346 8418,3346 8473,3347 8789,3355 8844,3356 9094,3360 9140,3361 9193,3363 9241,3364 9450,3369 9503,3371 9627,3372"/>
                <TextEquiv>
                    <Unicode>in Bielefeld, Hilſe in Krotoſchin, Beiſert in Koſten, von</Unicode>
                </TextEquiv>
            </TextLine>
            <TextLine id="r28l10" custom="readingOrder {index:9;}">
                <Coords points="7728,3346 8088,3342 8134,3342 9061,3355 9627,3386 9627,3439 9473,3442 9328,3443 9312,3443 8358,3428 8088,3420 7728,3400"/>
                <Baseline points="7728,3399 8191,3409 8231,3410 8299,3411 8322,3412 8612,3418 8638,3418 8986,3424 9061,3426 9083,3426 9328,3432 9352,3433 9627,3439"/>
                <TextEquiv>
                    <Unicode>Kurnatowski in Wollſtein, Gerhardt in Samter, Mylius</Unicode>
                </TextEquiv>
            </TextLine>
            <TextLine id="r28l11" custom="readingOrder {index:10;}">
                <Coords points="7726,3412 7745,3412 8081,3415 9521,3444 9570,3452 9628,3467 9628,3516 9521,3520 9400,3520 7913,3482 7726,3465"/>
                <Baseline points="7726,3465 7783,3466 7821,3467 8081,3474 8136,3475 8523,3482 8579,3483 8634,3484 8672,3485 8914,3489 8963,3490 9219,3496 9272,3497 9330,3499 9366,3500 9628,3506"/>
                <TextEquiv>
                    <Unicode>in Rogaſen, Buttmann in Meſeritz, Küntzel in Schroda,</Unicode>
                </TextEquiv>
            </TextLine>
            <TextLine id="r28l12" custom="readingOrder {index:11;}">
                <Coords points="7724,3480 7779,3480 9423,3509 9586,3518 9619,3522 9619,3586 9423,3590 9395,3590 8080,3552 7998,3548 7724,3533"/>
                <Baseline points="7724,3532 8198,3542 8267,3543 8320,3545 8393,3546 8693,3551 8730,3552 8911,3556 8962,3557 9192,3561 9255,3563 9313,3565 9366,3566 9619,3573"/>
                <TextEquiv>
                    <Unicode>Stavenhagen in Creuzburg O.⸗S., Krahn in Lublinitz</Unicode>
                </TextEquiv>
            </TextLine>
            <TextLine id="r28l13" custom="readingOrder {index:12;}">
                <Coords points="7723,3559 7805,3549 7831,3549 7969,3550 8469,3554 8646,3565 8681,3568 8695,3607 8695,3618 8681,3630 8469,3634 8308,3634 7723,3598"/>
                <Baseline points="7723,3598 7831,3601 7868,3602 8140,3608 8177,3609 8236,3610 8272,3611 8695,3618"/>
                <TextEquiv>
                    <Unicode>und Mosler in Groß-Strehlitz.</Unicode>
                </TextEquiv>
            </TextLine>
            <TextEquiv>
                <Unicode>folgende Kreisrichter und Abtheilungs⸗Dirigenten: Geißler
in Hechingen, Neſſel in Neumarkt, Kalbeck in Glatz, Orth⸗
mann in Namslau, Rintelen in Altenkirchen, Schmidt⸗
hals in Cüſtrin, Schwerin in Friedeberg N.⸗M., Renner
in Goldberg, Beling in Lüben, Kramer in Quedlinburg,
Bernau in Iſerlohn, Neide in Angerburg, Vogt in Marg⸗
grabowa, Gryezewski in Sensburg, Breyer in Braunsberg,
Schmidt in Liebenwerda, Wiedeburg in Eisleben, Haaſe
in Bielefeld, Hilſe in Krotoſchin, Beiſert in Koſten, von
Kurnatowski in Wollſtein, Gerhardt in Samter, Mylius
in Rogaſen, Buttmann in Meſeritz, Küntzel in Schroda,
Stavenhagen in Creuzburg O.⸗S., Krahn in Lublinitz
und Mosler in Groß-Strehlitz.</Unicode>
            </TextEquiv>
        </TextRegion>
        <TextRegion type="paragraph" id="r29" custom="readingOrder {index:30;} structure {type:paragraph;}">
            <Coords points="7689,3695 9678,3722 9677,5511 7667,5511"/>
            <TextLine id="r29l1" custom="readingOrder {index:0;}">
                <Coords points="7717,3759 8175,3759 8819,3772 9369,3784 9518,3788 9618,3791 9618,3844 9518,3855 9341,3855 7916,3827 7717,3814"/>
                <Baseline points="7717,3813 8175,3818 8213,3819 8412,3822 8460,3821 8607,3823 8649,3824 8738,3825 8775,3826 9053,3831 9091,3833 9280,3837 9341,3838 9618,3844"/>
                <TextEquiv>
                    <Unicode>Allerhöchſter Erlaß vom 10. Januar 1871, betreffend</Unicode>
                </TextEquiv>
            </TextLine>
            <TextLine id="r29l2" custom="readingOrder {index:1;}">
                <Coords points="7716,3827 7791,3827 8718,3835 9308,3851 9614,3870 9614,3911 9441,3919 9275,3919 8558,3910 7951,3896 7716,3879"/>
                <Baseline points="7720,3877 7791,3880 7828,3881 8077,3883 8138,3884 8490,3887 8528,3887 9072,3899 9126,3901 9203,3902 9240,3903 9468,3908 9505,3909 9612,3907"/>
                <TextEquiv>
                    <Unicode>die Ausgabe verzinslicher Schatzanweiſungen im Betrage von</Unicode>
                </TextEquiv>
            </TextLine>
            <TextLine id="r29l3" custom="readingOrder {index:2;}">
                <Coords points="8372,3892 8945,3892 8945,3970 8372,3970"/>
                <Baseline points="8381,3956 8938,3961"/>
                <TextEquiv>
                    <Unicode>1,971,600 Thalern.</Unicode>
                </TextEquiv>
            </TextLine>
            <TextLine id="r29l4" custom="readingOrder {index:3;}">
                <Coords points="7842,3952 9375,3973 9585,3977 9602,3986 9613,4030 9608,4063 9437,4047 8674,4032 7842,4030"/>
                <Baseline points="7851,4011 9607,4051"/>
                <TextEquiv>
                    <Unicode>Auf Ihren Bericht vom 10. Januar d. J. genehmige Ich,</Unicode>
                </TextEquiv>
            </TextLine>
            <TextLine id="r29l5" custom="readingOrder {index:4;}">
                <Coords points="7711,4029 9615,4041 9613,4111 7713,4085"/>
                <Baseline points="7719,4080 9608,4110"/>
                <TextEquiv>
                    <Unicode>daß in Gemäßheit des Geſetzes vom 9. November 1867, be⸗</Unicode>
                </TextEquiv>
            </TextLine>
            <TextLine id="r29l6" custom="readingOrder {index:5;}">
                <Coords points="7712,4097 7791,4093 7922,4093 8472,4098 9504,4118 9512,4109 9608,4136 9608,4176 9507,4180 9333,4176 9187,4172 8468,4162 8145,4155 7955,4153 7791,4157 7712,4145"/>
                <Baseline points="7712,4145 7922,4147 7987,4148 8078,4149 8140,4150 8636,4156 8678,4156 8994,4162 9048,4163 9134,4165 9191,4167 9608,4176"/>
                <TextEquiv>
                    <Unicode>treffend den außerordentlichen Geldbedarf des Norddeutſchen</Unicode>
                </TextEquiv>
            </TextLine>
            <TextLine id="r29l7" custom="readingOrder {index:6;}">
                <Coords points="7711,4160 7764,4160 8165,4162 9465,4171 9607,4202 9607,4243 9465,4253 9437,4253 8528,4237 7971,4227 7711,4214"/>
                <Baseline points="7711,4214 7934,4215 7971,4215 8091,4214 8118,4214 8310,4218 8348,4219 8430,4221 8457,4221 8814,4225 8855,4225 8935,4226 8956,4227 9607,4242"/>
                <TextEquiv>
                    <Unicode>Bundes zum Zwecke der Erweiterung der Bundes⸗Kriegsmarine</Unicode>
                </TextEquiv>
            </TextLine>
            <TextLine id="r29l8" custom="readingOrder {index:7;}">
                <Coords points="7708,4240 7792,4227 7818,4227 8243,4228 9552,4242 9607,4255 9607,4310 9552,4322 9211,4322 8553,4310 8009,4298 7708,4278"/>
                <Baseline points="7708,4278 7818,4279 7873,4280 7956,4281 8009,4281 8332,4282 8389,4284 8471,4286 8525,4287 9111,4296 9149,4297 9607,4309"/>
                <TextEquiv>
                    <Unicode>und der Herſtellung der Küſtenvertheidigung (Bundesgeſetzbl.</Unicode>
                </TextEquiv>
            </TextLine>
            <TextLine id="r29l9" custom="readingOrder {index:8;}">
                <Coords points="7708,4303 7871,4293 7932,4293 8300,4295 9138,4306 9562,4319 9605,4321 9605,4376 9523,4376 8925,4375 7871,4359 7708,4344"/>
                <Baseline points="7708,4344 7835,4344 7871,4345 8039,4347 8078,4347 8212,4351 8248,4351 8316,4351 8353,4351 8451,4352 8492,4352 8583,4353 8636,4353 8744,4355 8802,4356 8889,4359 8925,4359 9138,4363 9186,4365 9312,4368 9349,4369 9433,4371 9471,4373 9605,4376"/>
                <TextEquiv>
                    <Unicode>vom Jahre 1867 S. 157 ff.), und des Geſetzes vom 20. Mai</Unicode>
                </TextEquiv>
            </TextLine>
            <TextLine id="r29l10" custom="readingOrder {index:9;}">
                <Coords points="7710,4358 7842,4358 8230,4361 8860,4370 9300,4377 9511,4381 9583,4388 9606,4413 9606,4431 9583,4440 9511,4449 9335,4449 8200,4431 7955,4424 7710,4411"/>
                <Baseline points="7710,4411 7842,4412 7878,4412 8050,4414 8092,4414 8451,4418 8492,4418 8576,4419 8612,4420 9040,4427 9088,4428 9300,4433 9335,4434 9606,4426"/>
                <TextEquiv>
                    <Unicode>1869 wegen Abänderung des vorbezeichneten Geſetzes (Bundes⸗</Unicode>
                </TextEquiv>
            </TextLine>
            <TextLine id="r29l11" custom="readingOrder {index:10;}">
                <Coords points="7706,4438 7767,4427 8137,4427 8395,4429 9365,4437 9601,4468 9601,4509 9534,4518 9365,4522 9081,4522 7706,4489"/>
                <Baseline points="7706,4477 7910,4479 7950,4479 8074,4480 8095,4480 8266,4482 8297,4482 8422,4484 8459,4484 8529,4485 8554,4485 8670,4487 8706,4487 9028,4493 9050,4494 9601,4506"/>
                <TextEquiv>
                    <Unicode>geſetzbl. vom Jahre 1869 S. 137) verzinsliche Schatzanweiſungen</Unicode>
                </TextEquiv>
            </TextLine>
            <TextLine id="r29l12" custom="readingOrder {index:11;}">
                <Coords points="7705,4493 7819,4491 7872,4491 8548,4499 9448,4513 9602,4520 9611,4543 9611,4550 9602,4574 9569,4574 9091,4571 8249,4560 7901,4551 7705,4544"/>
                <Baseline points="7705,4544 7781,4544 7819,4545 8302,4549 8339,4549 8445,4551 8485,4551 8641,4554 8677,4554 8907,4558 8943,4558 9309,4567 9345,4567 9448,4570 9488,4571 9599,4566"/>
                <TextEquiv>
                    <Unicode>im Geſammtbetrage von Einer Million neunhundert Ein und</Unicode>
                </TextEquiv>
            </TextLine>
            <TextLine id="r29l13" custom="readingOrder {index:12;}">
                <Coords points="7702,4557 7873,4557 8295,4561 8616,4566 9442,4580 9510,4585 9532,4588 9599,4599 9599,4640 9442,4642 9272,4642 8999,4639 7760,4624 7702,4620"/>
                <Baseline points="7702,4608 7873,4611 7910,4611 8152,4613 8193,4613 8535,4618 8569,4618 8816,4621 8854,4622 8961,4624 8999,4625 9143,4629 9180,4630 9234,4631 9272,4632 9599,4640"/>
                <TextEquiv>
                    <Unicode>ſiebzig Tauſend ſechshundert Thalern, und zwar in Abſchnitten</Unicode>
                </TextEquiv>
            </TextLine>
            <TextLine id="r29l14" custom="readingOrder {index:13;}">
                <Coords points="7703,4632 7865,4625 7883,4625 8964,4633 9537,4654 9577,4666 9601,4677 9601,4695 9577,4705 9480,4717 9459,4717 7865,4689 7703,4675"/>
                <Baseline points="7703,4675 7811,4677 7865,4678 7908,4678 7965,4678 8294,4682 8347,4683 8595,4684 8648,4686 8964,4691 9021,4692 9251,4697 9307,4699 9418,4702 9459,4703 9597,4696"/>
                <TextEquiv>
                    <Unicode>von je Einhundert Thalern, Eintauſend Thalern und zehn⸗</Unicode>
                </TextEquiv>
            </TextLine>
            <TextLine id="r29l15" custom="readingOrder {index:14;}">
                <Coords points="7699,4690 7722,4690 8018,4691 8931,4703 9566,4717 9601,4718 9601,4784 9502,4784 9265,4781 7987,4757 7801,4751 7699,4745"/>
                <Baseline points="7699,4745 7910,4744 7949,4745 8204,4746 8237,4746 8559,4751 8596,4751 8814,4754 8886,4756 9124,4761 9163,4762 9465,4769 9502,4770 9601,4771"/>
                <TextEquiv>
                    <Unicode>tauſend Thalern, ausgegeben werden. Zugleich ermächtige Ich</Unicode>
                </TextEquiv>
            </TextLine>
            <TextLine id="r29l16" custom="readingOrder {index:15;}">
                <Coords points="7697,4756 7759,4756 8823,4763 9507,4784 9594,4800 9594,4839 9507,4849 9480,4849 8477,4836 7993,4827 7729,4821 7697,4809"/>
                <Baseline points="7697,4808 7815,4810 7852,4810 7942,4811 7966,4811 8194,4812 8233,4813 8377,4815 8395,4815 8941,4824 8978,4825 9089,4826 9129,4828 9205,4830 9230,4831 9418,4835 9458,4836 9594,4839"/>
                <TextEquiv>
                    <Unicode>Sie, den Zinsſatz dieſer Schatzanweiſungen und die Dauer ihrer</Unicode>
                </TextEquiv>
            </TextLine>
            <TextLine id="r29l17" custom="readingOrder {index:16;}">
                <Coords points="7696,4825 7808,4824 7826,4824 7958,4825 8526,4830 9050,4839 9481,4848 9593,4865 9593,4906 9366,4907 9260,4907 9006,4906 7907,4891 7696,4879"/>
                <Baseline points="7696,4879 8070,4879 8122,4880 8295,4882 8349,4882 8437,4882 8478,4882 8757,4887 8814,4888 8953,4891 9006,4892 9206,4897 9260,4898 9390,4901 9443,4902 9593,4905"/>
                <TextEquiv>
                    <Unicode>Umlaufszeit, welche den Zeitraum eines Jahres nicht über⸗</Unicode>
                </TextEquiv>
            </TextLine>
            <TextLine id="r29l18" custom="readingOrder {index:17;}">
                <Coords points="7695,4889 7921,4889 8664,4895 8972,4901 9540,4917 9596,4932 9596,4972 9310,4978 9269,4978 7715,4951 7695,4950"/>
                <Baseline points="7695,4942 7921,4945 7980,4945 8113,4947 8174,4947 8267,4948 8303,4948 8685,4952 8722,4952 9064,4959 9110,4961 9232,4963 9269,4964 9458,4969 9497,4970 9596,4972"/>
                <TextEquiv>
                    <Unicode>ſchreiten darf, den Verhältniſſen entſprechend nach Ihrem Er⸗</Unicode>
                </TextEquiv>
            </TextLine>
            <TextLine id="r29l19" custom="readingOrder {index:18;}">
                <Coords points="7693,4970 7722,4958 7817,4958 8844,4964 9548,4981 9589,4998 9589,5041 9548,5050 9349,5050 7722,5023 7693,5010"/>
                <Baseline points="7693,5009 7877,5011 7914,5011 7978,5012 7997,5012 8306,5014 8343,5014 8451,5015 8489,5016 8581,5017 8619,5018 8935,5023 8957,5024 9223,5030 9257,5031 9321,5032 9349,5033 9589,5039"/>
                <TextEquiv>
                    <Unicode>meſſen zu beſtimmen und zur öffentlichen Kenntniß zu bringen.</Unicode>
                </TextEquiv>
            </TextLine>
            <TextLine id="r29l20" custom="readingOrder {index:19;}">
                <Coords points="7827,5024 7946,5020 8403,5020 9285,5037 9531,5054 9594,5064 9594,5105 9463,5115 9011,5115 7946,5107 7827,5090"/>
                <Baseline points="7827,5075 7919,5076 7946,5077 8212,5080 8250,5081 8419,5081 8498,5083 8570,5084 8606,5085 8905,5090 8937,5090 9463,5102 9504,5103 9594,5105"/>
                <TextEquiv>
                    <Unicode>Ich überlaſſe Ihnen, die Preußiſche Hauptverwaltung der</Unicode>
                </TextEquiv>
            </TextLine>
            <TextLine id="r29l21" custom="readingOrder {index:20;}">
                <Coords points="7687,5088 7977,5088 8659,5098 9228,5108 9501,5116 9522,5117 9591,5131 9591,5173 9522,5178 9426,5178 9113,5174 8629,5167 7719,5151 7687,5142"/>
                <Baseline points="7687,5142 8121,5146 8159,5146 8262,5147 8295,5147 8511,5150 8547,5151 8867,5154 8904,5155 8963,5156 9003,5158 9228,5163 9268,5164 9378,5166 9426,5168 9591,5173"/>
                <TextEquiv>
                    <Unicode>Staatsſchulden mit näherer Anweiſung zu verſehen und dieſen</Unicode>
                </TextEquiv>
            </TextLine>
            <TextLine id="r29l22" custom="readingOrder {index:21;}">
                <Coords points="7685,5156 7738,5156 8809,5164 9517,5178 9591,5198 9591,5240 9517,5257 9483,5257 7764,5222 7685,5211"/>
                <Baseline points="7685,5211 7910,5211 7949,5212 8110,5212 8151,5213 8298,5214 8336,5214 8432,5217 8469,5217 8965,5224 9000,5225 9221,5230 9255,5231 9320,5233 9356,5234 9591,5239"/>
                <TextEquiv>
                    <Unicode>Meinen Erlaß durch das Bundesgeſetzblatt bekannt zu machen.</Unicode>
                </TextEquiv>
            </TextLine>
            <TextLine id="r29l23" custom="readingOrder {index:22;}">
                <Coords points="7821,5224 8125,5224 8449,5229 8771,5234 8823,5235 8831,5293 8826,5293 8406,5296 7850,5293 7821,5279"/>
                <Baseline points="7821,5279 8125,5281 8161,5281 8255,5281 8294,5282 8370,5283 8406,5283 8634,5286 8673,5286 8830,5291"/>
                <TextEquiv>
                    <Unicode>Verſailles, den 10. Januar 1871.</Unicode>
                </TextEquiv>
            </TextLine>
            <TextLine id="r29l24" custom="readingOrder {index:23;}">
                <Coords points="8656,5298 9137,5298 9203,5321 9203,5363 9137,5373 8656,5373"/>
                <Baseline points="8656,5349 9203,5362"/>
                <TextEquiv>
                    <Unicode>Wilhelm.</Unicode>
                </TextEquiv>
            </TextLine>
            <TextLine id="r29l25" custom="readingOrder {index:24;}">
                <Coords points="8414,5362 8467,5362 9348,5365 9513,5395 9513,5436 9407,5443 9348,5444 8875,5444 8414,5418"/>
                <Baseline points="8414,5417 8517,5419 8554,5419 8602,5419 8640,5419 9509,5433"/>
                <TextEquiv>
                    <Unicode>Gr. v. Bismarck⸗Schönhauſen.</Unicode>
                </TextEquiv>
            </TextLine>
            <TextLine id="r29l26" custom="readingOrder {index:25;}">
                <Coords points="7678,5421 7729,5421 8193,5425 8309,5427 8375,5442 8375,5483 8288,5494 7939,5494 7678,5477"/>
                <Baseline points="7678,5477 7767,5477 7808,5477 7899,5479 7939,5480 8375,5483"/>
                <TextEquiv>
                    <Unicode>An den Bundeskanzler.</Unicode>
                </TextEquiv>
            </TextLine>
            <TextEquiv>
                <Unicode>Allerhöchſter Erlaß vom 10. Januar 1871, betreffend
die Ausgabe verzinslicher Schatzanweiſungen im Betrage von
1,971,600 Thalern.
Auf Ihren Bericht vom 10. Januar d. J. genehmige Ich,
daß in Gemäßheit des Geſetzes vom 9. November 1867, be⸗
treffend den außerordentlichen Geldbedarf des Norddeutſchen
Bundes zum Zwecke der Erweiterung der Bundes⸗Kriegsmarine
und der Herſtellung der Küſtenvertheidigung (Bundesgeſetzbl.
vom Jahre 1867 S. 157 ff.), und des Geſetzes vom 20. Mai
1869 wegen Abänderung des vorbezeichneten Geſetzes (Bundes⸗
geſetzbl. vom Jahre 1869 S. 137) verzinsliche Schatzanweiſungen
im Geſammtbetrage von Einer Million neunhundert Ein und
ſiebzig Tauſend ſechshundert Thalern, und zwar in Abſchnitten
von je Einhundert Thalern, Eintauſend Thalern und zehn⸗
tauſend Thalern, ausgegeben werden. Zugleich ermächtige Ich
Sie, den Zinsſatz dieſer Schatzanweiſungen und die Dauer ihrer
Umlaufszeit, welche den Zeitraum eines Jahres nicht über⸗
ſchreiten darf, den Verhältniſſen entſprechend nach Ihrem Er⸗
meſſen zu beſtimmen und zur öffentlichen Kenntniß zu bringen.
Ich überlaſſe Ihnen, die Preußiſche Hauptverwaltung der
Staatsſchulden mit näherer Anweiſung zu verſehen und dieſen
Meinen Erlaß durch das Bundesgeſetzblatt bekannt zu machen.
Verſailles, den 10. Januar 1871.
Wilhelm.
Gr. v. Bismarck⸗Schönhauſen.
An den Bundeskanzler.</Unicode>
            </TextEquiv>
        </TextRegion>
        <TextRegion type="paragraph" id="r30" custom="readingOrder {index:31;} structure {type:paragraph;}">
            <Coords points="7648,5560 9627,5560 9627,6066 7648,6066"/>
            <TextLine id="r30l1" custom="readingOrder {index:0;}">
                <Coords points="7815,5575 7868,5575 9100,5581 9513,5594 9581,5605 9581,5655 9321,5655 8661,5648 7815,5630"/>
                <Baseline points="7815,5629 7939,5630 7976,5630 8024,5631 8061,5631 8225,5632 8266,5633 8350,5633 8394,5634 9100,5644 9155,5645 9239,5647 9278,5648 9581,5655"/>
                <TextEquiv>
                    <Unicode>Das 2. Stück des Bundes⸗Geſetz⸗Blattes des Norddeut⸗</Unicode>
                </TextEquiv>
            </TextLine>
            <TextLine id="r30l2" custom="readingOrder {index:1;}">
                <Coords points="7677,5640 7810,5640 8715,5651 9271,5659 9479,5666 9510,5681 9510,5720 9122,5720 7966,5710 7677,5706"/>
                <Baseline points="7677,5694 7810,5695 7846,5696 8089,5700 8124,5700 8324,5700 8357,5700 8514,5701 8560,5701 8882,5706 8919,5707 9051,5710 9122,5711 9317,5715 9351,5716 9510,5719"/>
                <TextEquiv>
                    <Unicode>ſchen Bundes, welches heute ausgegeben wird, enthält unter</Unicode>
                </TextEquiv>
            </TextLine>
            <TextLine id="r30l3" custom="readingOrder {index:2;}">
                <Coords points="7812,5709 7883,5709 8586,5713 8785,5716 9492,5731 9526,5732 9555,5733 9588,5766 9588,5799 9559,5799 8222,5782 7812,5764"/>
                <Baseline points="7812,5763 7912,5764 7950,5764 8053,5765 8090,5765 8184,5765 8222,5767 8586,5770 8624,5770 8785,5770 8843,5772 8965,5774 9025,5776 9102,5777 9139,5777 9366,5784 9425,5785 9588,5789"/>
                <TextEquiv>
                    <Unicode>Nr. 605 den Allerhöchſten Erlaß vom 10. Januar 1871,</Unicode>
                </TextEquiv>
            </TextLine>
            <TextLine id="r30l4" custom="readingOrder {index:3;}">
                <Coords points="7677,5774 7945,5774 9313,5784 9530,5800 9591,5825 9589,5859 9555,5856 9313,5862 8799,5862 7813,5841 7677,5828"/>
                <Baseline points="7677,5827 7945,5830 7987,5831 8060,5832 8096,5832 8346,5835 8385,5836 8732,5838 8768,5838 9313,5851 9358,5852 9438,5854 9477,5855 9589,5849"/>
                <TextEquiv>
                    <Unicode>betreffend die Ausgabe verzinslicher Schatzanweiſungen im Be⸗</Unicode>
                </TextEquiv>
            </TextLine>
            <TextLine id="r30l5" custom="readingOrder {index:4;}">
                <Coords points="7674,5843 7693,5843 8210,5844 8360,5847 8446,5852 8557,5864 8557,5905 8389,5912 8210,5914 8123,5914 7764,5909 7674,5895"/>
                <Baseline points="7674,5895 7819,5896 7855,5897 7962,5898 8005,5898 8277,5903 8310,5903 8557,5905"/>
                <TextEquiv>
                    <Unicode>trage von 1,971,600 Thalern.</Unicode>
                </TextEquiv>
            </TextLine>
            <TextLine id="r30l6" custom="readingOrder {index:5;}">
                <Coords points="7811,5910 8653,5906 8681,5906 8714,5922 8714,5975 8681,5986 8653,5986 8313,5982 7840,5976 7811,5965"/>
                <Baseline points="7811,5964 8021,5966 8057,5967 8148,5968 8191,5968 8267,5969 8313,5969 8521,5972 8553,5972 8714,5975"/>
                <TextEquiv>
                    <Unicode>Berlin, den 18. Januar 1871.</Unicode>
                </TextEquiv>
            </TextLine>
            <TextLine id="r30l7" custom="readingOrder {index:6;}">
                <Coords points="8270,5981 8760,5981 8903,5989 8958,6003 8958,6045 8760,6051 8526,6051 8270,6049"/>
                <Baseline points="8270,6037 8958,6045"/>
                <TextEquiv>
                    <Unicode>Zeitungs⸗Comtoir.</Unicode>
                </TextEquiv>
            </TextLine>
            <TextEquiv>
                <Unicode>Das 2. Stück des Bundes⸗Geſetz⸗Blattes des Norddeut⸗
ſchen Bundes, welches heute ausgegeben wird, enthält unter
Nr. 605 den Allerhöchſten Erlaß vom 10. Januar 1871,
betreffend die Ausgabe verzinslicher Schatzanweiſungen im Be⸗
trage von 1,971,600 Thalern.
Berlin, den 18. Januar 1871.
Zeitungs⸗Comtoir.</Unicode>
            </TextEquiv>
        </TextRegion>
        <TextRegion type="paragraph" id="r31" custom="readingOrder {index:32;} structure {type:paragraph;}">
            <Coords points="7646,6224 9603,6224 9603,6534 7646,6534"/>
            <TextLine id="r31l1" custom="readingOrder {index:0;}">
                <Coords points="7805,6242 8330,6224 8556,6224 9499,6265 9596,6276 9596,6321 9499,6330 9464,6330 8909,6329 8389,6325 7805,6309"/>
                <Baseline points="7805,6295 7969,6298 8023,6298 8153,6300 8211,6301 8307,6303 8359,6304 8707,6310 8761,6310 8859,6311 8909,6312 9426,6317 9464,6318 9596,6319"/>
                <TextEquiv>
                    <Unicode>Heute wird das Sachregiſter zur Geſetz⸗Sammlung pro</Unicode>
                </TextEquiv>
            </TextLine>
            <TextLine id="r31l2" custom="readingOrder {index:1;}">
                <Coords points="7668,6306 7696,6306 7804,6307 8111,6313 8181,6326 8181,6368 8111,6378 7930,6378 7668,6362"/>
                <Baseline points="7668,6362 7804,6363 7838,6362 8181,6368"/>
                <TextEquiv>
                    <Unicode>1870 ausgegeben.</Unicode>
                </TextEquiv>
            </TextLine>
            <TextLine id="r31l3" custom="readingOrder {index:2;}">
                <Coords points="7804,6375 7869,6375 8675,6385 8710,6387 8710,6442 8339,6449 8298,6449 7834,6444 7804,6431"/>
                <Baseline points="7804,6430 8014,6433 8049,6433 8142,6434 8184,6435 8264,6436 8298,6437 8525,6439 8562,6440 8710,6442"/>
                <TextEquiv>
                    <Unicode>Berlin, den 18. Januar 1871.</Unicode>
                </TextEquiv>
            </TextLine>
            <TextLine id="r31l4" custom="readingOrder {index:3;}">
                <Coords points="7946,6445 9145,6445 9236,6456 9289,6470 9289,6513 9145,6519 8181,6519 8054,6509 7946,6500"/>
                <Baseline points="7946,6500 9289,6507"/>
                <TextEquiv>
                    <Unicode>Geſetz⸗Sammlungs⸗Debits⸗Comtoir.</Unicode>
                </TextEquiv>
            </TextLine>
            <TextEquiv>
                <Unicode>Heute wird das Sachregiſter zur Geſetz⸗Sammlung pro
1870 ausgegeben.
Berlin, den 18. Januar 1871.
Geſetz⸗Sammlungs⸗Debits⸗Comtoir.</Unicode>
            </TextEquiv>
        </TextRegion>
        <TextRegion type="heading" id="r32" custom="readingOrder {index:33;} structure {type:heading;}">
            <Coords points="8242,6608 9003,6607 9003,6719 8242,6720"/>
            <TextLine id="r32l1" custom="readingOrder {index:0;}">
                <Coords points="8264,6633 8984,6635 8984,6707 8346,6705 8264,6703"/>
                <Baseline points="8264,6691 8976,6691"/>
                <TextEquiv>
                    <Unicode>Juſtiz⸗Miniſterium.</Unicode>
                </TextEquiv>
            </TextLine>
            <TextEquiv>
                <Unicode>Juſtiz⸗Miniſterium.</Unicode>
            </TextEquiv>
        </TextRegion>
        <TextRegion type="paragraph" id="r33" custom="readingOrder {index:34;} structure {type:paragraph;}">
            <Coords points="7643,6716 9605,6716 9605,7022 7643,7022"/>
            <TextLine id="r33l1" custom="readingOrder {index:0;}">
                <Coords points="7792,6724 8749,6720 8780,6720 9518,6744 9601,6758 9601,6799 9255,6791 8784,6799 8751,6797 7968,6781 7792,6779"/>
                <Baseline points="7792,6779 7908,6779 7927,6779 8324,6784 8358,6785 8467,6785 8493,6786 8689,6786 8723,6786 8912,6788 8942,6789 9069,6791 9091,6791 9466,6795 9499,6796 9601,6799"/>
                <TextEquiv>
                    <Unicode>Der Rechtsanwalt und Notar, Juſtiz⸗Rath Hoffmann in</Unicode>
                </TextEquiv>
            </TextLine>
            <TextLine id="r33l2" custom="readingOrder {index:1;}">
                <Coords points="7657,6787 7706,6787 8991,6797 9597,6812 9597,6867 9296,6871 9262,6871 7710,6854 7657,6844"/>
                <Baseline points="7657,6844 7842,6844 7878,6844 7938,6845 7977,6845 8130,6848 8186,6848 8505,6849 8559,6849 8644,6851 8695,6852 8991,6856 9047,6857 9124,6857 9181,6859 9591,6862"/>
                <TextEquiv>
                    <Unicode>Thorn iſt unter Verleihung des Notariats im Departement</Unicode>
                </TextEquiv>
            </TextLine>
            <TextLine id="r33l3" custom="readingOrder {index:2;}">
                <Coords points="7655,6854 7683,6854 8786,6862 9445,6870 9517,6878 9565,6891 9565,6931 9445,6938 9112,6938 8041,6925 7655,6906"/>
                <Baseline points="7655,6905 7743,6907 7778,6908 8250,6913 8287,6914 8371,6914 8407,6915 8807,6921 8854,6921 8925,6922 8975,6922 9076,6923 9112,6923 9464,6930 9497,6931 9565,6921"/>
                <TextEquiv>
                    <Unicode>des Kammergerichts als Rechtsanwalt an das Stadtgericht in</Unicode>
                </TextEquiv>
            </TextLine>
            <TextLine id="r33l4" custom="readingOrder {index:3;}">
                <Coords points="7653,6920 7784,6920 8767,6929 9300,6938 9508,6944 9553,6956 9553,6998 9300,7006 9134,7006 8594,7001 8091,6993 7653,6975"/>
                <Baseline points="7653,6973 7841,6976 7879,6976 7983,6978 8018,6978 8335,6981 8362,6981 8521,6984 8540,6984 8853,6989 8879,6989 9087,6992 9113,6992 9300,6995 9319,6996 9553,6996"/>
                <TextEquiv>
                    <Unicode>Berlin mit Anweiſung ſeines Wohnſitzes daſelbſt verſetzt worden.</Unicode>
                </TextEquiv>
            </TextLine>
            <TextEquiv>
                <Unicode>Der Rechtsanwalt und Notar, Juſtiz⸗Rath Hoffmann in
Thorn iſt unter Verleihung des Notariats im Departement
des Kammergerichts als Rechtsanwalt an das Stadtgericht in
Berlin mit Anweiſung ſeines Wohnſitzes daſelbſt verſetzt worden.</Unicode>
            </TextEquiv>
        </TextRegion>
        <TextRegion type="paragraph" id="r34" custom="readingOrder {index:35;} structure {type:paragraph;}">
            <Coords points="7661,7046 7544,7046 7544,6993 7661,6993"/>
            <TextLine id="r34l1" custom="readingOrder {index:0;}">
                <Coords points="7639,7049 7568,7049 7568,6993 7639,6993"/>
                <Baseline points="7575,7043 7634,7044"/>
                <TextEquiv>
                    <Unicode>32</Unicode>
                </TextEquiv>
            </TextLine>
            <TextEquiv>
                <Unicode>32</Unicode>
            </TextEquiv>
        </TextRegion>
        <SeparatorRegion id="r_27" custom="readingOrder {index:36;}">
            <Coords points="1492,830 1684,830 1684,835 1492,835"/>
        </SeparatorRegion>
        <SeparatorRegion id="r_30" custom="readingOrder {index:37;}">
            <Coords points="2261,1702 2451,1702 2451,1707 2261,1707"/>
        </SeparatorRegion>
        <SeparatorRegion id="r_32" custom="readingOrder {index:38;}">
            <Coords points="2277,2038 2463,2038 2463,2043 2277,2043"/>
        </SeparatorRegion>
        <SeparatorRegion id="r_33" custom="readingOrder {index:39;}">
            <Coords points="7511,2161 7941,2161 7941,2181 7511,2181"/>
        </SeparatorRegion>
        <SeparatorRegion id="r_34" custom="readingOrder {index:40;}">
            <Coords points="5768,2374 9639,2374 9639,2456 5769,2395"/>
        </SeparatorRegion>
        <SeparatorRegion id="r_35" custom="readingOrder {index:41;}">
            <Coords points="5764,2590 9644,2590 9644,2678 5764,2678"/>
        </SeparatorRegion>
        <SeparatorRegion id="r_36" custom="readingOrder {index:42;}">
            <Coords points="8834,2664 9626,2664 9626,2688 8834,2688"/>
        </SeparatorRegion>
        <SeparatorRegion id="r_37" custom="readingOrder {index:43;}">
            <Coords points="7719,3660 9611,3660 9611,3712 7719,3712"/>
        </SeparatorRegion>
        <SeparatorRegion id="r_38" custom="readingOrder {index:44;}">
            <Coords points="4161,3731 4523,3731 4523,3740 4161,3740"/>
        </SeparatorRegion>
        <SeparatorRegion id="r_39" custom="readingOrder {index:45;}">
            <Coords points="3371,4784 5271,4784 5271,4810 3371,4810"/>
        </SeparatorRegion>
        <SeparatorRegion id="r_40" custom="readingOrder {index:46;}">
            <Coords points="8443,5534 8809,5534 8809,5544 8443,5544"/>
        </SeparatorRegion>
        <SeparatorRegion id="r_41" custom="readingOrder {index:47;}">
            <Coords points="2538,5809 3268,5809 3268,5823 2538,5823"/>
        </SeparatorRegion>
        <SeparatorRegion id="r_42" custom="readingOrder {index:48;}">
            <Coords points="7670,6136 9568,6136 9568,6174 7670,6174"/>
        </SeparatorRegion>
        <SeparatorRegion id="r_43" custom="readingOrder {index:49;}">
            <Coords points="6432,6446 6794,6446 6794,6460 6432,6460"/>
        </SeparatorRegion>
        <SeparatorRegion id="r_44" custom="readingOrder {index:50;}">
            <Coords points="4104,6459 4474,6459 4474,6467 4104,6467"/>
        </SeparatorRegion>
        <SeparatorRegion id="r_45" custom="readingOrder {index:51;}">
            <Coords points="7664,6558 9568,6558 9568,6596 7664,6596"/>
        </SeparatorRegion>
        <SeparatorRegion id="r_46" custom="readingOrder {index:52;}">
            <Coords points="9520,7298 10060,7298 10060,7339 9520,7339"/>
        </SeparatorRegion>
        <SeparatorRegion id="r_47" custom="readingOrder {index:53;}">
            <Coords points="6436,7324 8408,7324 8408,7346 6436,7346"/>
        </SeparatorRegion>
        <SeparatorRegion id="r_48" custom="readingOrder {index:54;}">
            <Coords points="1066,7315 5442,7315 5442,7352 1066,7352"/>
        </SeparatorRegion>
        <SeparatorRegion id="r_49" custom="readingOrder {index:55;}">
            <Coords points="104,7332 348,7332 348,7347 104,7347"/>
        </SeparatorRegion>
        <SeparatorRegion id="r_77" custom="readingOrder {index:56;}">
            <Coords points="3290,6053 3308,6053 3308,6949 3290,6949"/>
        </SeparatorRegion>
        <SeparatorRegion id="r_78" custom="readingOrder {index:57;}">
            <Coords points="3307,4459 3335,4459 3335,5885 3307,5885"/>
        </SeparatorRegion>
        <SeparatorRegion id="r_79" custom="readingOrder {index:58;}">
            <Coords points="3331,1287 3365,1287 3365,4459 3331,4459"/>
        </SeparatorRegion>
        <SeparatorRegion id="r_80" custom="readingOrder {index:59;}">
            <Coords points="5496,5269 5551,5269 5551,6595 5496,6595"/>
        </SeparatorRegion>
        <SeparatorRegion id="r_81" custom="readingOrder {index:60;}">
            <Coords points="5530,4105 5562,4105 5562,4613 5530,4613"/>
        </SeparatorRegion>
        <SeparatorRegion id="r_82" custom="readingOrder {index:61;}">
            <Coords points="5545,3445 5568,3445 5568,3777 5545,3777"/>
        </SeparatorRegion>
        <SeparatorRegion id="r_83" custom="readingOrder {index:62;}">
            <Coords points="5548,1463 5626,1463 5626,3445 5548,3445"/>
        </SeparatorRegion>
        <SeparatorRegion id="r_85" custom="readingOrder {index:63;}">
            <Coords points="7606,6120 7630,6120 7630,6960 7606,6960"/>
        </SeparatorRegion>
        <SeparatorRegion id="r_86" custom="readingOrder {index:64;}">
            <Coords points="7624,5474 7637,5474 7637,6114 7624,6114"/>
        </SeparatorRegion>
        <SeparatorRegion id="r_87" custom="readingOrder {index:65;}">
            <Coords points="7634,3902 7672,3902 7672,5474 7634,5474"/>
        </SeparatorRegion>
        <SeparatorRegion id="r_88" custom="readingOrder {index:66;}">
            <Coords points="7668,3034 7694,3034 7694,3902 7668,3902"/>
        </SeparatorRegion>
        <SeparatorRegion id="r_89" custom="readingOrder {index:67;}">
            <Coords points="7690,2706 7702,2706 7702,3034 7690,3034"/>
        </SeparatorRegion>
        <SeparatorRegion id="r_90" custom="readingOrder {index:68;}">
            <Coords points="10026,5255 10104,5255 10104,6493 10026,6493"/>
        </SeparatorRegion>
        <SeparatorRegion id="r_91" custom="readingOrder {index:69;}">
            <Coords points="9903,930 9993,930 9993,934 9903,934"/>
        </SeparatorRegion>
        <SeparatorRegion id="r_92" custom="readingOrder {index:70;}">
            <Coords points="5798,2612 5860,2612 5860,2619 5798,2619"/>
        </SeparatorRegion>
        <SeparatorRegion id="r_93" custom="readingOrder {index:71;}">
            <Coords points="3809,5230 4379,5230 4379,5249 3809,5249"/>
        </SeparatorRegion>
        <SeparatorRegion id="r_94" custom="readingOrder {index:72;}">
            <Coords points="3650,5291 4378,5291 4378,5309 3650,5309"/>
        </SeparatorRegion>
        <SeparatorRegion id="r_95" custom="readingOrder {index:73;}">
            <Coords points="4108,5351 4380,5351 4380,5365 4108,5365"/>
        </SeparatorRegion>
        <SeparatorRegion id="r_96" custom="readingOrder {index:74;}">
            <Coords points="3734,5409 4374,5409 4374,5427 3734,5427"/>
        </SeparatorRegion>
        <SeparatorRegion id="r_97" custom="readingOrder {index:75;}">
            <Coords points="3753,5468 4377,5468 4377,5487 3753,5487"/>
        </SeparatorRegion>
        <SeparatorRegion id="r_98" custom="readingOrder {index:76;}">
            <Coords points="3783,5528 4379,5528 4379,5545 3783,5545"/>
        </SeparatorRegion>
        <SeparatorRegion id="r_99" custom="readingOrder {index:77;}">
            <Coords points="4073,5587 4379,5587 4379,5603 4073,5603"/>
        </SeparatorRegion>
        <SeparatorRegion id="r_100" custom="readingOrder {index:78;}">
            <Coords points="1873,5600 2581,5600 2581,5619 1873,5619"/>
        </SeparatorRegion>
        <SeparatorRegion id="r_101" custom="readingOrder {index:79;}">
            <Coords points="3710,5645 4398,5645 4398,5665 3710,5665"/>
        </SeparatorRegion>
        <SeparatorRegion id="r_102" custom="readingOrder {index:80;}">
            <Coords points="2070,5661 2580,5661 2580,5675 2070,5675"/>
        </SeparatorRegion>
        <SeparatorRegion id="r_103" custom="readingOrder {index:81;}">
            <Coords points="3868,5706 4376,5706 4376,5723 3868,5723"/>
        </SeparatorRegion>
        <SeparatorRegion id="r_104" custom="readingOrder {index:82;}">
            <Coords points="4000,5769 4372,5769 4372,5781 4000,5781"/>
        </SeparatorRegion>
        <SeparatorRegion id="r_105" custom="readingOrder {index:83;}">
            <Coords points="1882,5778 2576,5778 2576,5799 1882,5799"/>
        </SeparatorRegion>
        <SeparatorRegion id="r_106" custom="readingOrder {index:84;}">
            <Coords points="3737,5884 4375,5884 4375,5903 3737,5903"/>
        </SeparatorRegion>
        <SeparatorRegion id="r_107" custom="readingOrder {index:85;}">
            <Coords points="3909,5944 4373,5944 4373,5961 3909,5961"/>
        </SeparatorRegion>
        <SeparatorRegion id="r_108" custom="readingOrder {index:86;}">
            <Coords points="4023,6005 4369,6005 4369,6025 4023,6025"/>
        </SeparatorRegion>
        <SeparatorRegion id="r_109" custom="readingOrder {index:87;}">
            <Coords points="4022,6065 4372,6065 4372,6083 4022,6083"/>
        </SeparatorRegion>
        <SeparatorRegion id="r_110" custom="readingOrder {index:88;}">
            <Coords points="4020,6125 4366,6125 4366,6145 4020,6145"/>
        </SeparatorRegion>
        <SeparatorRegion id="r_111" custom="readingOrder {index:89;}">
            <Coords points="3774,6182 4368,6182 4368,6199 3774,6199"/>
        </SeparatorRegion>
        <SeparatorRegion id="r_112" custom="readingOrder {index:90;}">
            <Coords points="3833,6242 4367,6242 4367,6257 3833,6257"/>
        </SeparatorRegion>
        <SeparatorRegion id="r_113" custom="readingOrder {index:91;}">
            <Coords points="10081,2361 10092,2361 10092,2485 10081,2485"/>
        </SeparatorRegion>
        <TableRegion id="Table_1645036638021_105" custom="readingOrder {index:92;}">
            <Coords points="1198,1565"/>
            <TableCell row="0" col="0" id="TableCell_1645036638022_106">
                <Coords points="1198,1565 1198,1565 1198,1565 1198,1565"/>
                <CornerPts>0 1 2 3</CornerPts>
            </TableCell>
        </TableRegion>
        <TableRegion id="Table_1645036639739_109" custom="readingOrder {index:93;}">
            <Coords points="1198,1565"/>
            <TableCell row="0" col="0" id="TableCell_1645036639740_110">
                <Coords points="1198,1565 1198,1565 1198,1565 1198,1565"/>
                <CornerPts>0 1 2 3</CornerPts>
            </TableCell>
        </TableRegion>
    </Page>
</PcGts>
