10080 7048
835 289 2148 342 Dem Beamten iſt auf Verlangen ein Nachweis über die Ver⸗
757 343 2155 396 wendung zu ertheilen. Erinnerungen gegen die Verwendung können
763 390 1660 437 im Rechtswege nicht geltend gemacht werden.
849 433 2154 484 §. 130. Wird der Beamte freigeſprochen, ſo muß ihm der
762 478 2155 526 innebehaltene Theil des Dienſteinkommens vollſtändig nachgezahlt
760 524 898 565 werden.
853 570 2154 618 Wird er nur mit einer Ordnungsſtrafe belegt, ſo iſt ihm der
767 615 2153 663 innebehaltene Theil inſoweit nachzuzahlen, als derſelbe nicht zur
766 659 2154 708 Deckung der ihn treffenden Unterſuchungkoſten und der Ordnungsſtrafe
766 708 2154 756 erforderlich iſt. Ein Abzug wegen der Stellvertretungskoſten findet
765 752 996 799 nicht Statt.
857 798 2152 849 §. 131. Wenn Gefahr im Verzuge iſt, kann einem Beamten
766 843 2152 894 auch von ſolchen Vorgeſetzten, die ſeine Suspenſion zu verfügen nicht
764 890 2151 936 ermächtigt ſind, die Ausübung der Amtsverrichtungen vorläufig unter⸗
763 935 2152 984 ſagt werden; es iſt aber darüber ſofort an die oberſte Reichsbehörde
762 982 997 1027 zu berichten.
843 1023 2151 1076 Dieſe Unterſagung hat eine Kürzung des Dienſteinkommens nicht
762 1068 961 1118 zur Folge.
856 1115 2149 1164 §. 132. Dem unter Gewährung des geſetzlichen Wartegeldes
766 1159 2150 1210 einſtweilen in den Ruheſtand verſetzten B amten wird ein Viertel des
764 1206 2150 1254 Wartegeldes innebehalten, wenn im Disziplinarverfahren eine noch
764 1251 2150 1302 nicht rechtskräftige Entſcheidung ergangen iſt, welche auf Dienſtent⸗
765 1301 1042 1347 laſſung lautet.
854 1338 2154 1394 Wegen der Nachzahlung des innebehaltenen Theils vom Warte⸗
767 1389 2149 1439 gelde kommen die Grundſätze der §§. 129 und 130 zur Anwendung.
854 1435 2150 1487 §. 133. Alle nach den Beſtimmungen der §§. 61 bis 132 erfol⸗
767 1480 2150 1529 genden Aufforderungen, Mittheilungen, Zuſtellungen und Vorladungen
766 1525 2149 1576 ſind gültig und bewirken den Lauf der Friſten, wenn ſie unter Beob⸗
766 1571 2151 1622 achtung der für gerichtliche Inſinuation in Strafſachen vorgeſchrie⸗
765 1616 2149 1665 benen Formen demjenigen, an den ſie ergehen, zugeſtellt ſind. Die
765 1663 2149 1710 vereideten Verwaltungsbeamten haben dabei den Glauben der Ge⸗
765 1708 971 1761 richtsboten.
853 1753 2149 1803 Hat der Angeſchuldigte ſeinen dienſtlichen Wohnſitz verlaſſen, ohne
765 1799 2147 1846 daß ſeine vorgeſetzte Behörde Kenntniß von ſeinem Aufenthalt hat, ſo
763 1846 2148 1894 erfolgt die Inſinuation in der letzten Wohnung des Angeſchuldigten an
764 1891 1455 1938 dem dienſtlichen Wohnort deſſelben.
850 1936 2147 1983 §. 134. (Beſondere Beſtimmungen über die Defekte der Beamten.)
761 1983 2144 2029 Die Feſtſtellung der Defekte an öffentlichen oder Privatvermögen,
760 2028 2147 2078 welche bei Reichskaſſen oder anderen Reichsverwaltungen entdeckt
760 2074 2145 2120 werden, iſt zunächſt von derjenigen Behörde zu bewirken, zu deren
757 2119 2145 2166 Geſchäftskreiſe die unmittelbare Aufſicht über die Kaſſe oder andere
757 2165 1131 2210 Verwaltung gehört.
847 2207 2145 2257 §. 135. Von dieſer Behörde iſt zugleich feſtzuſtellen, ob ein
754 2255 2143 2301 Reichsbeamter und eintretenden Falls welcher Beamte nach den Vor⸗
753 2301 2144 2350 ſchriften des §. 141 für den Defekt zu haften hat, und bei einem
752 2346 2142 2397 Defekt an Materialien, auf wie hoch die zu erſtattende Summe in
752 2393 1204 2440 Gelde zu berechnen iſt.
846 2429 2146 2485 §. 136. Ebenſo (§§. 134 und 135) hat die unmittelbar vor⸗
753 2483 2140 2533 geſetzte Behörde die Defekte an ſolchem öffentlichen oder Privatver⸗
753 2529 2140 2577 mögen feſtzuſtellen, welches, ohne zu einer Reichskaſſe oder anderen
754 2576 2141 2623 Reichsverwaltung gebracht zu ſein, vermöge beſonderer amtlicher
753 2621 2092 2669 Anordnung in dem Gewahrſam eines Reichsbeamten gekommen iſt.
842 2666 2140 2714 §. 137. Ueber den Betrag des Defekts, die Perſon des zum Er⸗
750 2712 2137 2759 ſatz verpflichteten Beamten und den Grund ſeiner Verpflichtung iſt
750 2758 2139 2806 von der in den §§. 134 und 135 bezeichneten Behörde ein motivirter
749 2803 1139 2850 Beſchluß abzufaſſen.
842 2849 2136 2895 §. 138. Nach Befinden der Umſtände kann die Behörde auch
749 2894 2138 2943 mehrere Beſchlüſſe abfaſſen, wenn ein Theil des Defekts ſofort klar
749 2941 2160 2986 iſt, der andere Theil aber noch weitere Ermittelungen nothwendig
746 2986 2137 3033 macht, ingleichen, wenn unter mehreren Perſonen die Verpflichtung der
747 3032 1739 3079 einen feſtſteht, die der andern noch zweifelhaft iſt.
838 3077 2136 3124 § 139. Hat die Behörde die Eigenſchaft einer höheren Reichs⸗
748 3122 2136 3171 behörde, ſo iſt der Beſchluß nach Maßgabe der §§. 143 und 144
746 3168 979 3214 vollſtreckbar.
833 3215 2136 3262 In allen andern Fällen unterliegt der Beſchluß der Prüfung der
745 3260 2136 3307 vorgeſetzten höheren Reichsbehörde und wird erſt nach deren Genehmi⸗
746 3307 1091 3350 gung vollſtreckbar.
839 3350 2135 3399 Von dem Beſchluſſe iſt der oberſten Reichsbehörde unverzüglich
746 3395 1116 3444 Kenntniß zu geben.
838 3441 2136 3489 Der oberſten Reichsbehörde bleibt in allen Fällen unbenommen,
747 3484 2091 3534 einzuſchreiten und den Beſchluß ſelbſt abzufaſſen oder zu berichtigen.
840 3534 2139 3580 §. 140. In dem abzufaſſenden Beſchluſſe iſt zugleich zu beſtim⸗
745 3578 2138 3629 men, welche Vollſtreckungs⸗ oder Sicherheitsmaßregeln Behufs des Er⸗
745 3623 1448 3673 ſatzes des Defekts zu ergreifen ſind.
836 3669 2138 3718 Für dieſe Maßregeln ſind die Geſetze des Bundesſtaats, in welchem
744 3715 1343 3761 dieſelben erfolgen, entſcheidend.
838 3761 2137 3810 §. 141. Der abzufaſſende Beſchluß kann auf die unmittelbare
744 3805 1834 3854 Verpflichtung zum Erſatz des Defekts gerichtet werden:
839 3853 2136 3901 1) gegen jeden Beamten, welcher der Unterſchlagung als Thäter
741 3897 2133 3946 oder Theilnehmer nach der Ueberzeugung der Reichsbehörde überführt iſt,
834 3944 2135 3991 2) a. gegen diejenigen Beamten, welchen die Kaſſe u. ſ. w. zur
964 3988 2135 4039 Verwaltung übergeben war, und zwar auf Höhe des ganzen
960 4034 1118 4082 Defekts,
908 4082 2135 4128 b. gegen jeden anderen Beamten, der an der Einnahme oder
965 4127 2134 4173 Ausgabe, der Erhebung, der Ablieferung oder dem Trans⸗
966 4173 2136 4223 port von Kaſſengeldern oder anderen Gegenſtänden ver⸗
966 4219 2132 4266 möge ſeiner dienſtlichen Stellung theilzunehmen hatte,
964 4264 2134 4311 jedoch nur auf Höhe des in ſeinen Gewahrſam gekommenen
960 4308 1142 4356 Betrages,
742 4353 2133 4403 ſofern der Defekt nach der Ueberzeugung der Reichsbehörde durch
744 4399 1352 4449 grobes Verſehen entſtanden iſt.
836 4445 2132 4495 Eben dies gilt gegen die in §. 136 genannten Beamten in den da⸗
744 4489 1235 4538 ſelbſt bezeichneten Fällen.
833 4536 2134 4589 §. 142. Sind Beamte, gegen welche die zwangsweiſe Einziehung
744 4582 2134 4631 des Defekts beſchloſſen wird, in der Verwaltung ihres Amtes, wofür
744 4628 2133 4678 ſie eine Amtskaution geſtellt haben, belaſſen worden, ſo haben die⸗
741 4672 2132 4723 ſelben wegen Erſatzes des Defekts anderweite Sicherheit zu leiſten.
744 4718 2133 4767 Erfolgt die Sicherſtellung nicht, ſo findet die Zwangsvollſtreckung zu⸗
741 4763 2086 4812 nächſt nicht in die Kaution, ſondern in das übrige Vermögen ſtatt.
835 4809 2131 4859 §. 143. Die Verwaltungsbehörde erſucht die zuſtändigen Gerichte,
739 4854 2133 4906 Vollſtreckungsbeamten oder Hypothekenbehörden um Vollziehung des
737 4898 965 4947 Beſchluſſes.
831 4945 2133 5000 Dieſe ſind, ohne auf eine Beurtheilung der Rechtmäßigkeit des
738 4991 2130 5043 Beſchluſſes einzugehen, verpflichtet, wenn ſonſt kein Anſtand obwaltet,
737 5037 2131 5088 ſchleunig, ohne vorgängiges Zahlungsmandat, die Zwangsvollſtreckung
737 5085 2131 5135 auszuführen, die Beſchlagnahme der zur Deckung des Defekts erforder⸗
738 5128 2132 5181 lichen Vermögensſtücke zu verfügen und die in Antrag gebrachten
739 5173 1723 5222 Eintragungen im Hypothekenbuche zu veranlaſſen.
828 5219 2132 5269 §. 144. Gegen den Beſchluß, wodurch ein Beamter zur Erſtattung
738 5265 2132 5314 eines Defekts für verpflichtet erklärt wird (§§. 137 und 140) ſteht dem⸗
736 5310 2131 5359 ſelben ſowohl hinſichtlich des Betrages, als hinſichtlich der Erſatz⸗Ver⸗
725 5354 2131 5406 bindlichkeit außer der Beſchwerde im Inſtanzenzuge der Rechtsweg zu.
823 5401 2132 5451 Die Friſt zur Beſchreitung des Rechtsweges beträgt ein Jahr, iſt
737 5447 2132 5496 eine Ausſchlußfriſt und beginnt mit dem Tage der dem Beamten ge⸗
732 5493 2132 5541 ſchehenen Bekanntmachung des vollſtreckbaren Beſchluſſes, oder wenn
729 5538 2133 5587 der Beamte an ſeinem Wohnort nicht zu treffen iſt, mit dem Tage
739 5583 1279 5632 des abgefaßten Beſchluſſes.
831 5628 2133 5677 In dem auf die Klage des Beamten entſtandenen Rechtsſtreit hat
741 5673 2132 5722 das Gericht über die Wahrheit der thatſächlichen Behauptungen der
730 5716 2134 5769 Parteien nach ſeiner freien aus dem Inbegriff der Verhandlungen und
738 5762 1699 5813 Beweiſe geſchöpften Ueberzeugung zu entſcheiden.
823 5809 2132 5858 Die Vorſchriften der Landesgeſetze über den Beweis durch Eid,
740 5852 2134 5906 ſowie über die Beweiskraft öffenilicher Urkunden und gerichtlicher Ge⸗
739 5898 1294 5950 ſtändniſſe bleiben unberührt.
834 5944 2134 5997 Ob einer Partei über die Wahrheit oder Unwahrheit einer that⸗
740 5989 2135 6043 ſächlichen Behauptung noch ein Eid aufzuerlegen, bleibt dem Ermeſſen
739 6034 1202 6083 des Gerichts überlaſſen.
831 6079 2135 6132 In der wegen des Defekts etwa eingeleiteten Unterſuchung bleiben
741 6126 2135 6177 dem Beamten, inſofern es auf die Beſtrafung ankommt, ſeine Ein⸗
737 6172 2132 6223 reden gegen den abgefaßten Beſchluß auch nach Ablauf des Jahres,
740 6217 2134 6268 wenngleich ſie im Civilprozeß nicht mehr geltend gemacht werden
737 6261 1141 6310 können, vorbehalten.
826 6306 2133 6357 §. 145. Das Gericht hat auf Antrag des Beamten darüber Be⸗
729 6351 2131 6403 ſchluß zu faſſen, ob die Zwangsvollſtreckung fortzuſetzen oder einſt⸗
730 6396 2133 6449 weilen einzuſtellen ſei. Die einſtweilige Einftellung erfolgt, wenn der
2227 290 3610 343 Beamte glaubhaft macht, daß die Fortſetzung der Zwangsvollſtreckung
2225 332 3612 385 für ihn einen ſchwer erſetzlichen Nachtheil zur Folge haben würde.
2226 381 3617 435 Das Gericht iſt jedoch verpflichtet, falls es die Einſtellung der Zwangs⸗
2225 428 3614 478 vollſtreckung verordnet, an Stelle derſelben auf Antrag der verklagten
2226 471 3614 524 Reichsbehörde die erforderlichen Sicherheitsmaßregeln behufs des Er⸗
2224 523 2884 571 ſatzes des Defekts herbeizuführen.
2318 561 3612 617 §. 146. Wenn eine nahe und dringende Gefahr vorhanden iſt,
2227 609 3612 659 daß ein Beamter, gegen welchen die Zwangsvollſtreckung zuläſſig iſt,
2225 653 3614 706 (§. 141), ſich auf flüchtigen Fuß ſetzen oder ſein Vermögen der Ver⸗
2226 701 3613 752 wendung zum Erſatz des Defekts entziehen werde, ſo kann die un⸗
2225 746 3615 797 mittelbar vorgeſetzte Behörde, auch wenn ſie nicht die Eigenſchaft einer
2225 789 3615 842 höheren Reichsbehörde hat, oder der unmittelbar vorgeſetzte Beamte
2225 833 3615 891 das abzugsfähige Gehalt (§. 19 Nr. 1) und nöthigenfalls das übrige
2224 883 3612 934 bewegliche Vermögen des im Eingange bezeichneten Beamten vorläufig
2222 930 2623 979 in Beſchlag nehmen.
2315 973 3613 1026 Der vorgeſetzten höheren Reichsbehörde iſt ungeſäumt An eige da⸗
2222 1021 3252 1070 von zu machen, und deren Genehmigung einzuholen.
2317 1062 3612 1115 §. 147. Iſt von den vorgeſetzten Behörden oder Beamten gemäß
2224 1109 3613 1163 §. 146 eine Beſchlagnahme erfolgt, ſo hat das Gericht, in deſſen Be⸗
2223 1152 3613 1203 zirk die Beſchlagnahme ſtattgefunden hat, auf Antrag des von der⸗
2222 1201 3613 1252 ſelben betroffenen Beamten anzuordnen, daß binnen einer zu beſtim⸗
2221 1246 3613 1299 menden Friſt der in den §§. 137 und 140 vorgeſehene Beſchluß beizu⸗
2219 1295 2441 1345 bringen ſei.
2315 1337 3610 1388 Wird dieſer Anordnung nicht Folge geleiſtet, ſo iſt auf weiteren
2221 1381 3611 1435 Antrag des Beamten die Beſchlagnahme ſofort aufzuheben; andernfalls
2222 1431 3331 1479 kommen die Beſtimmungen des §. 144 zur Anwendung,
2316 1476 3610 1526 §. 148. Für das Defektenverfahren im Verwaltungswege werden
2222 1524 3004 1573 Gebühren und Stempel nicht berechnet.
2316 1565 3610 1617 §. 149. (Verfolgung vermögensrechtlicher Anſprüche) Ueber ver⸗
2221 1611 3611 1664 mögensrechtliche Anſprüche der Reichsbeamten aus ihrem Dienſtver⸗
2221 1658 3610 1710 hältniß, insbeſondere über Anſprüche auf Beſoldung, Wartegeld oder
2221 1704 3609 1755 Penſion, ſowie über die den Hinterbliebenen der Reichsbeamten geſetz⸗
2222 1749 3608 1802 lich gewährten Rechtsanſprüche auf Bewilligungen, findet mit folgen⸗
2220 1798 2923 1846 den Maßgaben der Rechtsweg ſtatt.
2315 1840 3609 1892 §. 150. Die Entſcheidung der oberſten Reichsbehörde muß der
2219 1885 3607 1938 Klage vorhergehen und letztere ſodann bei Verluſt des Klagerechts
2220 1932 3607 1983 innerhalb ſechs Monaten, nachdem dem Betheiligten die Entſcheidung
2219 1980 3392 2030 jener Behörde bekannt gemacht worden, angebracht werden.
2314 2022 3605 2075 §. 151. Der Reichsfiskus wird durch die höhere Reichsbehörde,
2216 2067 3607 2119 unter welcher der Reichsbeamte ſteht oder geſtanden hat, oder falls er
2216 2112 3606 2167 direkt unter der oberſten Reichsbehörde ſteht oder geſtanden hat, durch
2216 2166 2904 2213 die oberſte Reichsbehörde vertreten.
2309 2203 3606 2257 Die Klage iſt bei demjenigen Gerichte anzubringen, in deſſen
2216 2254 3158 2304 Bezirke die betreffende Behörde ihren Sitz hat.
2310 2295 3604 2349 §. 152. Gegen das Urtheil erſter Inſtanz ſteht den Parteien das⸗
2216 2340 3603 2395 jenige Rechtsmittel zu, welches bei Beſchwerdegegenſtänden vom höchſten
2214 2387 3605 2441 Werth ſtattfindet. Auch die Anfechtung der Urtheile zweiter Inſtanz
2213 2433 3604 2485 iſt ohne Rückſicht auf die Beſchwerdeſumme ſtatthaft. Die Beſchwerde⸗
2213 2480 3605 2532 ſumme, ingleichen die Uebereinſtimmung der Urtheile erſter und zweiter
2211 2525 3604 2577 Inſtanz kommt nur inſoweit in Betracht, als davon die Entſcheidung
2212 2572 3604 2624 der Frage abhängt, welches von mehreren nach den Landesgeſetzen etwa
2210 2624 2889 2671 zuläſſigen Rechtsmitteln ſtattfindet.
2305 2661 3603 2715 Das Reichs⸗Oberhandelsgericht entſcheidet an Stelle des für das
2212 2710 3604 2763 Gebiet, in welchem die Sache in erſter Inſtanz anhängig geworden
2210 2753 3602 2807 iſt, nach den Landesgeſetzen beſtehenden oberſten Gerichtshofes und
2211 2797 3603 2853 zwar in letzter Inſtanz. Soweit nicht Abſatz 1 des gegenwärtigen
2210 2841 3607 2900 Paragraphen abweichende Vorſchriften enthält, werden die Beſtim⸗
2208 2890 3602 2945 mungen des Geſetzes, betreffend die Errichtung eines oberſten Gerichts⸗
2211 2938 3603 2992 hofes für Handelsſachen vom 12. Juni 1869, ſowie die Ergänzungen
2208 2981 3602 3040 deſſelben auf die im §. 149 bezeichneten bürgerlichen Rechtsſtreitig⸗
2206 3036 2550 3081 keiten ausgedehnt.
2304 3076 3602 3129 §. 153. Auf die im §. 144 erwähnten Rechtsſtreitigkeiten finden
2207 3124 3600 3178 die Beſtimmungen der §§. 151 und 152 mit der Maßgabe Anwendung,
2209 3169 3600 3222 daß der Reichsfiskus durch die höhere Reichsbehörde vertreten wird,
2208 3214 3601 3270 welche den Defektbeſchluß abgefaßt oder für vollſtreckbar erklärt hat.
2209 3261 3603 3312 (§. 139 Abſatz 2.) Iſt die Abfaſſung durch die oberſte Reichsbehörde
2211 3307 3450 3359 geſchehen, ſo übernimmt dieſe die Vertretung des Reichsfiskus.
2305 3352 3603 3404 §. 154. In Rechtsſtreitigkeiten über Vermögensanſprüche gegen
2210 3397 3604 3448 Reichsbeamte wegen Ueberſchreitung ihrer amtlichen Befugniſſe oder
2210 3443 3602 3496 pflichtwidriger Unterlaſſung von Amtshandlungen iſt ſowohl das⸗
2211 3485 3606 3541 jenige Gericht zuſtändig, in deſſen Bezirk der Beamte zur Zeit der
2212 3533 3606 3588 Verletzung ſeiner Amtspflicht ſeinen Wohnſitz hatte, als dasjenige, in
2209 3579 3605 3634 deſſen Bezirk derſelbe zur Zeit der Erhebung der Klage ſeinen Wohn⸗
2205 3630 2359 3682 ſitz hat.
2305 3671 3604 3722 Die Zuläſſigkeit der Rechtsmittel, die Zuſtändigkeit des Reichs⸗
2207 3719 3602 3770 Oberhandelsgerichts und das Verfahren vor demſelben richtet ſich nach
2209 3766 2958 3815 den im §. 152 gegebenen Vorſchriften.
2307 3811 3602 3861 §. 155. Die Entſcheidungen der Disziplinar⸗ und Verwaltungs⸗
2208 3857 3602 3907 behörden darüber, ob und von welchem Zeitpunkte ab ein Reichs⸗
2207 3902 3603 3953 beamter aus ſeinem Amte zu entfernen, einſtweilig oder definitiv in
2207 3949 3613 4003 den Ruheſtand zu verſetzen, oder vorläufig ſeines Dienſtes zu entheben
2206 3994 3602 4046 ſei, und über die Verhängung von Ordnungsſtrafen ſind für die Be⸗
2207 4040 3602 4091 urtheilung der vor dem Gerichte geltend gemachten vermögensrechtlichen
2206 4089 2638 4139 Anſprüche maßgebend.
2296 4131 3601 4182 §. 156. (Schlußbeſtimmungen.) Die Reichstagsbeamten haben
2206 4180 3088 4227 die Rechte und Pflichten der Reichsbeamten.
2301 4223 3601 4274 Die Anſtellung der Reichstagsbeamten erfolgt durch den Reichs⸗
2206 4270 3495 4320 tags⸗Präſidenten, welcher die vorgeſetzte Behörde derſelben bildet.
2302 4315 3601 4364 §. 157. Auf Perſonen des Soldatenſtandes findet dieſes Geſetz
2204 4362 3011 4413 nur in den §§. 134 bis 148 Anwendung.
2301 4407 3601 4456 §. 158. Die Beſtimmungen dieſes Geſetzes über die Verſetzung
2206 4453 3601 4503 in ein anderes Amt, über die einſtweilige und über die zwangsweiſe
2207 4498 3601 4548 Verſetzung in den Ruheſtand, über Disziplinarbeſtrafung und über
2206 4544 3600 4596 vorläufige Dienſtenthebung finden auf die Mitglieder des Reichs⸗Ober⸗
2206 4590 3600 4639 handelsgerichts, auf die Mitglieder des Bundesamts für das Heimaths⸗
2206 4635 3599 4685 weſen, auf die Mitglieder des Rechnungshofes des Deutſchen Reichs
2205 4678 3390 4731 und auf richterliche Militär⸗Juſtizbeamte keine Anwendung.
2300 4726 3600 4783 Außerdem haben für die Mitglieder des Reichs⸗Oberhandelsgerichts
2206 4773 3600 4824 die Vorſchriften dieſes Geſetzes über die Penſionirung und über den
2206 4820 2906 4870 Verluſt der Penſion keine Geltung.
2303 4864 3602 4912 §. 159. Die Ausführung dieſes Geſetzes regelt eine vom Kaiſer
2207 4910 3601 4961 zu erlaſſende Verordnung, durch welche namentlich diejenigen Behörden
2205 4954 3601 5006 näher zu bezeichnen ſind, welche unter den in dieſem Geſetze erwähnten
2205 5002 2947 5053 Reichsbehörden verſtanden ſein ſollen.
2299 5049 2563 5096 Urkundlich ꝛc.
2299 5094 2523 5140 Gegeben ꝛc.
2586 5263 3214 5315 Statiſtiſche Nachrichten.
2307 5337 3601 5384 Bei der Städtiſchen Sparkaſſe zu Magdeburg betrugen
2206 5382 3601 5430 am Schluſſe des Jahres 1871 die Einlagen der Intereſſenten 3,693,205
2205 5429 3600 5479 Thlr. Im Jahre 1872 ſind neu belegt 1,881,397 Thlr. und den In⸗
2205 5473 3601 5522 tereſſenten an Zinſen gut geſchrieben 117,792 Thlr., woraus ſich als
2206 5519 3601 5567 Geſammtſumme ergeben 5,692,395 Thlr. Zurückgenommen ſind im
2207 5565 3602 5613 Laufe des Jahres 1872 1,849,476 Thlr., mithin am 31. Dezember
2206 5609 3601 5658 1872 belegt geblieben 3,842,918 Thlr. Die Einlagen haben ſich daher
2205 5655 3602 5707 gegen ultimo Dezember 1871 vermehrt um 149,713 Thlr. Ausſtehende
2204 5700 3613 5753 Kapitalien beſaß die Sparkaſſe am Schluſſe des Jahres 1872
2202 5745 3600 5794 3,989,803 Thlr., Zinſen ſtanden aus 14 514 Thlr., baarer Beſtand
2205 5790 3603 5841 war 146,129 Thlr., überhaupt 4,150,448 Thlr. Davon gehen ab:
2208 5835 3601 5888 noch nicht abgeführte Ueberſchüſſe 3857 Thlr., ſchuldige Dienſt⸗Kau⸗
2204 5882 3602 5936 tionen 1200 Thlr., zuſammen 5057 Thlr., mithin bleibt Vermögen
2200 5929 3601 5979 ultimo 1872 4,145,391 Thlr. Von dieſer Summe gehören den In⸗
2205 5973 3602 6023 tereſſenten 3,842,918 Thlr., ſo daß ein Ueberſchuß verbleibt von
2206 6015 3601 6066 302,472 Thlr., welcher ſich nach Abrechnung des Reſervefonds mit
2206 6061 3600 6112 252,743 Thlr. für das Jahr 1872 feſtſtellt auf 49,728 Thlr. Von
2206 6108 3598 6159 dieſem Ueberſchuſſe werden 20 % zur Verſtärkung des Reſervefonds
2207 6153 3600 6204 entnommen mit 9945, wodurch derſelbe auf 262,689 Thlr. erhöht wird,
2205 6199 3602 6248 und 39,782 Thlr. zur Verwendung für öffentliche ſtädtiſche Zwecke
2204 6244 2563 6295 disponibel bleiben.
2305 6312 3601 6360 — Die Rheiniſche Provinzial⸗Feuer⸗Sozietät hatte
2206 6355 3598 6407 im Jahre 1870 693,298 Thlr. Einnahmen, darunter 546,183 Thlr.
2205 6401 3597 6452 Beiträge für Immobilien und 91,490 Thlr. Beiträge für Mobiliar⸗
3687 284 5070 338 verſicherung. Die Ausgaben beliefen ſich auf 538,243 Thlr., darunter
3685 332 5072 387 442,019 Thlr. für Brandentſchädigung, der Einnahmeüberſchuß auf
3689 381 5070 429 155,037 Thlr. Ende 1871 war ein Aktivüberſchuß von 994,517 Thlr.
3687 427 5070 474 vorhanden. Die Immobilien⸗Verſicherungsſumme hatte ſich im Jahre
3689 472 5068 519 1871 um 9,846,000 Thlr., auf 360,039,820 Thlr. erhöht, die Mobi⸗
3688 512 5067 565 liar⸗Verſicherungsſumme um 8,777,938 Thlr., auf 55,932,287 Thlr.,
3687 563 5071 611 die geſammte Verſicherungsſumme um 18,623,938 Thlr., auf
3686 610 4040 657 415,972,207 Thlr.
3780 679 5072 730 — Bei Emmerich ſind in den verfloſſenen beiden Jahren über
3688 723 5071 773 die preußiſch⸗niederländiſchen Grenze auf dem Rhein ein⸗ und aus⸗
3687 770 5069 817 gegangen: zu Berg 1872 4556 beladene Schiffe mit 15,420,886
3688 815 5071 864 Centner, 1871 3511 beladene Schiffe mit 11,598,330 Ctr., 1872 mehr
3690 858 5070 907 1045 beladene Schiffe mit 3,822,556 Ctr.; zu Thal 1872 9680 be⸗
3686 905 5072 953 ladene Schiffe mit 29,165 728 Ctr., 1871 7790 beladene Schiffe mit
3686 947 5068 1003 23,229,830 Ctr., 1872 mehr 1890 beladene Schiffe mit 5,935,398 Ctr.
3778 997 5070 1046 An dieſer bedeutenden Zunahme waren hauptſächlich betheiligt in
3686 1042 5070 1089 der Bergfahrt: Eiſen, roh 1872 5,936,084 Ctr., 1871 3,500,285 Ctr.;
3685 1088 5069 1135 in der Thalfahrt: Steinkohlen 1872 16,816,137 Ctr., 1871 13,616,339
3687 1133 5069 1182 Ctr.; Steine, roh 1872 7,151,283 Ctr., 1871 4,027,585 Ctr. Zu
3685 1180 5067 1227 dieſen drei Artikeln betrug die Zunahme 8,759,295 Ctr. Von den
3685 1225 5075 1275 vorſtehend ſummariſch aufgeführten Transporten zu Berg gingen
3685 1271 5067 1317 nach den folgenden Häfen in den Jahren 1872 reſp. 1871:
3685 1316 5069 1364 Emmerich 304,436 Ctr., 532,845 Ctr., Xanten 19,548 Ctr., 16,595
3687 1361 5069 1414 Ctr., Rees 90,190 Ctr., 94,730 Ctr., Weſel 113,993 Ctr., 154,186
3686 1407 5068 1455 Ctr., Ruhrort 5,281,238 Ctr., 2,798,159 Ctr., Duisburg 1,964,724
3686 1453 5068 1501 Ctr., 1,214,429 Ctr., Uerdingen 246,879 Ctr., 142,568 Ctr., Düſſel⸗
3684 1498 5066 1547 dorf 1,258,231 Ctr., 1,031,291 Ctr., Neuß 298,259 Ctr., 322,508 Ctr.,
3683 1544 5064 1593 Mülheim a./R. 107,508 Ctr., 61,102 Ctr., Cöln 2,589,502 Ctr.,
3683 1590 5066 1639 1,282,053 Ctr., Bonn 67,447 Ctr., 56,217 Ctr., Neuwied 942 Ctr.,
3685 1635 5065 1684 14,580 Ctr., Coblenz 86,702 Ctr., 156,120 Ctr., Oberlahnſtein
3685 1681 5064 1730 19,730 Ctr., 2,928 Ctr., Bingen 35,952 Ctr., 65,730 Ctr., Bi brich
3683 1726 5065 1773 21,297 Ctr., 29,187 Ctr., Mainz 947,462 Ctr., 886,498 Ctr., Worms
3681 1772 5065 1822 69,646 Ctr., 24,105 Ctr., Mannheim 2,093,666 Ctr., 1,883,998 Ctr.,
3682 1818 5063 1865 Ludwigshafen 798,178 Ctr., 605,180 Ctr, Frankfurt a. M., 209,825
3682 1863 5062 1916 Ctr., 255,769 Ctr., Heilbronn 154,691 Ctr., 151,703 Ctr.,
3772 1930 5062 1982 — Aus einem Konſularberichte an den Bundesrath geht hervor,
3680 1977 5070 2024 daß die nach Amerika ausgeführten und 1872 bei den nordamerikani⸗
3680 2022 5064 2070 ſchen Konſulaten von Baſel, Zürich, Genf deklarirten Waaren einen
3680 2066 5064 2117 Werth beſaßen von 79,501,103 Frs., wovon 40,619,288 Frs. in
3680 2113 5065 2162 Baſel, 34,278,136 Frs. in Zürich und 4,603,678 Frs. in Genf deklarirt
3679 2160 5064 2208 waren. Der Werth der Bänder und Stickereien überſteigt 50 Millionen
3679 2206 4877 2253 und derjenige der Uhrmachereiwaaren 20 Millionen Franken.
3764 2274 5064 2322 — Eine Ueberſicht der Statiſtiken des engliſchen Ver⸗
3680 2320 5065 2370 lagsgeſchäftes ergiebt 4814 Bücher, die im Jahre 1872 einge⸗
3680 2366 5065 2415 tragen wurden. Wirklich neue Werke waren darunter jedoch nur, mit
3679 2411 5063 2459 Einſchluß neuer Auflagen 4524. Von dieſer Zahl kommen 752 auf
3679 2457 5069 2507 theologiſche Werke, 429 auf philologiſche und pädagogiſche, 229 auf
3678 2502 5072 2554 Jugendſchriften, 708 auf Romane, 101 auf juriſtiſche Werke, 162 auf
3677 2547 5065 2602 Handel und Staatsökonomie, 487 auf Kunſt und deren Geſchichte,
3676 2594 5068 2645 224 auf Reiſebeſchreibungen und geographiſche Forſchungen, 318 auf
3679 2639 5062 2691 Geſchichte und Biographie, 371 auf Poeſie und Drama, 275 auf
3677 2684 5061 2736 Jahrbücher und jährlich erſcheinende Zeitſchriften, 137 auf Medizin
3676 2730 5059 2782 und Chirurgie, 185 auf ſchöne Wiſſenſchaften, Abhandlungen u. ſ. w.
3676 2776 4483 2824 und 128 Werke ſind vermiſchten Inhalts.
3761 2844 5060 2895 St. Petersburg, 15. März. Nach den in der Woche vom
3676 2889 5065 2942 7. bis zum 14. März dem Medizinal⸗Departement eingeſandten offi⸗
3675 2931 5065 2981 ziellen Nachweiſen waren in Moskau und in den Gouvernements
3676 2981 5064 3033 Lublin, Piotrkow, Plock und Warſchau im Ganzen nur noch 32 Cho⸗
3677 3026 4145 3074 lerakranke vorhanden.
4045 3131 4675 3184 Kunſt und Wiſſenſchaft.
3767 3205 5062 3257 Der Kupferſtecher Joh. Nikolaus Hoff iſt am 6. März in
3676 3250 5059 3304 Frankfurt a. M., 75 Jahre alt, geſtorben. Er war daſelbſt im
3676 3297 5057 3349 Jahre 1798 geboren, weilte ſpäter in Italien mit den Reformatoren
3676 3341 5057 3394 deutſcher Kunſt, den Meiſtern Overbeck, Cornelius, Veit, Schnorr zu⸗
3676 3387 5060 3440 ſammen. Der Stich und die Zeichnung der Grablegung von Peru⸗
3679 3433 5006 3487 gino (letztere im Städelſchen Inſtitut) bekundeten ſeine Tüchtigkeit.
3769 3501 5060 3553 — Der Deutſche Verein zur Verbreitung gemein⸗
3678 3546 5062 3599 nütziger Kenntniſſe in Prag hat ſo eben ſeinen 4. Jahresbericht
3678 3592 5063 3645 herausgegeben. Der Verein hat das verdienſtliche Beſtreben, deutſche
3678 3638 5065 3692 Bildung in Böhmen zu verbreiten und hierdurch das ſo vielfach ge⸗
3677 3683 5058 3735 fährdete deutſche Element in Böhmen zu erhalten und zu kräftigen.
3676 3729 5059 3783 Derſelbe verlegt Schriften dieſer Tendenz, kauft aber auch Partien
3677 3775 5058 3826 geeigneter Werke an, um dieſelben, namentlich in ſolchen Kreiſen,
3675 3821 4872 3871 welche dem Buchhandel minder zugänglich ſind, zu verbreiten.
3768 3887 5064 3944 London, 15. März. Der Bildhauer Theed hat auf Befehl
3677 3935 5066 3989 der Königin eine Marmorbüſte der verſtorbenen Fürſtin
3675 3981 5066 4034 Hohenlohe⸗Langenburg, Stiefſchweſter Ihrer Majeſtät, ange⸗
3676 4026 5062 4081 fertigt, die in der Mauſoleumkapelle in Frogmore aufgeſtellt wer⸗
3673 4071 3829 4120 den ſoll.
3764 4118 5061 4169 — Eine von der Londoner Korporation in der Guildhall neu
3677 4163 5061 4215 eingerichtete Bibliothek iſt dem Publikum am 10. d. M. zu freier
3674 4209 5062 4260 Benutzung übergeben worden. Die City hat für die Bequemlichkeit
3674 4255 5061 4306 und den Komfort des Leſers auf das Beſte geſorgt. Im Leſezimmer
3673 4301 5059 4350 können etwa 50 — 60 Perſonen zu gleicher Zeit ihren Studien obliegen,
3676 4344 5063 4399 für welche 30 — 40,000 Bücher zur Hand ſind. Von den 12 Sitzreihen
3675 4392 4466 4440 iſt eine beſonders für Damen beſtimmt.
4152 4470 4577 4534 Landwirthſchaft.
3768 4558 5060 4608 Von den Land⸗ und volkswirthſchaftlichen Tages⸗
3674 4603 5062 4653 fragen, enthaltend legislatoriſche Studien von Otto Beck, König⸗
3673 4649 5063 4699 lichen Regierungs⸗ und Departementsrath für die Landeskultur zu
3674 4695 5062 4746 Trier iſt der fünfte Jahrgang (Trier 1873. In Kommiſſion der
3674 4740 5064 4788 Fr. Lintz'ſchen Buchhandlung zu Trier) erſchienen. Derſelbe enthält:
3673 4785 5062 4836 I. Die Vertilgung des Schwarzwildes. II. Die Statuten der Pro⸗
3674 4831 5061 4884 vinzial⸗Meliorationsfonds und die Meliorations⸗Genoſſen chaftsgeſetz⸗
3673 4877 5066 4929 gebung. III. Was der deutſchen und der preußiſchen Landwirthſchaft
3674 4923 5067 4972 Noth thut. (Die landwirthſchaftliche Intereſſenvertretung.) IV.
3672 4968 5065 5021 Die Geſchworenen⸗ und Schöffengerichte. V. Die Einführung
3671 5015 5060 5065 von ländlichen Schiedsgerichten. VI. Die Schafhaltungs⸗ und
3673 5059 5059 5107 Schafhütungsverhältniſſe im Apellations⸗Gerichtsbezirk Cöln und
3673 5105 5057 5156 beſonders im Regierungsbezirk Trier. VII. Petition des landwirth⸗
3672 5151 5058 5201 ſchaftlichen Vereins für Rheinpreußen, betreffend einige Abänderungen
3673 5196 5058 5245 des miniſteriellen Fiſcherei⸗Geſetzentwurfes für den preußiſchen Staat
3672 5242 5058 5290 im Intereſſe des Genoſſenſchaftsprinzips. VIII. Güterkonſolidations⸗
3673 5288 5058 5336 oder vorläufiges Feldwege⸗Regulirungsgeſetz für den Apellations⸗Ge⸗
3672 5331 5057 5382 richtsbezirk Cöln. IX. Die Waldſchutzfrage vor einem europäiſchen
3673 5378 5058 5427 Kongreß. X. Die Verhütung und Beſeitigung von Waſſerriſſen in
3673 5422 5058 5473 ſteilen und öden Berhängen. — Das Heft dient zugleich als zweites
3673 5467 4925 5518 Supplementheft der Beſchreibung des Regierungsbezirkes Trier.
3766 5535 5060 5586 Darmſtadt, 14. März. Der Oberheſſiſche Bienenzüch⸗
3665 5581 5073 5635 ter⸗Verein hatte am 1. Januar einen Beſtand von 215 Mitglie⸗
3673 5626 5060 5680 dern, im Laufe des Jahres 1872 waren zugegangen 35, abgegangen
3675 5671 5058 5722 10 Mitglieder. Außerdem zählten 3 Zweigvereine Mitglieder: Als⸗
3674 5716 5057 5769 felder 25, Rabenauer 32, Vilbel⸗Homburger 42, zuſammen 102 Mit⸗
3675 5765 3809 5813 glieder.
4101 5827 4623 5888 Verkehrs⸗Anſtalten.
3766 5899 5070 5958 Darmſtadt, 12. März. Die deutſche Geſellſchaft zur
3673 5949 5068 6001 Rettung Schiffbrüchiger umfaßte ſeither in ihrem Bezirksverein
3674 5994 5059 6044 für Südweſtdeutſchland, Baden, Württemberg, die Rheinpfalz und die
3674 6038 5061 6091 heſſiſchen Provinzen Starkenburg und Rheinheſſen, mit Karlsruhe als
3670 6081 5060 6136 Sitz der Bezirksverwaltung. Es hat ſich aber bei der großen Zu⸗
3673 6128 5059 6183 nahme an Mitgliedern und Zweigvereinen oder Vertretungen als zweck⸗
3674 6175 5060 6223 mäßig ergeben, dieſen großen Bezirk zu theilen, und ſo werden vom
3677 6219 5063 6271 1. April. d. J. an deſſen Stelle drei Bezirksvereine beſtehen: ein
3676 6264 5064 6317 oberrheiniſcher, ein mittelrheiniſcher (für Starkenburg und Rheinheſſen,
3671 6310 5059 6364 Bezirksvorſteher: Geh. Ober⸗Steuerrath Welcker in Darmſtadt) und
3675 6357 5069 6411 ein ſchwäbiſcher. Der oberrheiniſche Verein wird ſich angelegen ſein
3676 6403 4444 6459 laſſen, ſich auf das Elſaß auszudehnen.
6657 416 8019 547 Zweite Beilage
5384 538 9285 728 zum Deutſchen Reichs⸗Anzeiger und Königlich Preußiſchen Staats⸗Anzeiger.
5198 751 5525 840 No. 69.
6916 723 7818 822 Mittwoch, den 19. März
9242 704 9500 780 1873.
5279 892 9421 990 Zuſammenſtellung der ſeit Erlaß des Münzgeſetzes vom 30. September 1821 bis Ende 1872 ſtattgehabten Königlich preußiſchen Ausmünzungen in den drei Münzſtätten
6836 955 7875 1015 zu Berlin, Hannover und Frankfurt a. M.
5746 1204 6172 1253 Zeitangabe.
7237 1052 7479 1101 Goldmünzen
8482 1030 8966 1083 Silber⸗Courant⸗Münzen
6791 1139 7047 1187 Friedrichsd'or
6908 1183 6945 1226 in
6797 1230 7042 1277 2/1, 1/1 u. ½
6883 1325 6962 1360 Thlr.
7430 1120 7568 1160 Kronen
8059 1149 8108 1191 2/1
8023 1195 8156 1241 Thaler
8052 1315 8132 1351 Thlr.
8358 1144 8397 1186 1/1
8245 1187 8503 1236 Vereinsthaler
8339 1306 8418 1342 Thlr.
8648 1111 8691 1147 1/1
8564 1148 8784 1197 Thaler für
8586 1195 8765 1242 beſondere
8553 1242 8788 1286 Landeszwecke
8629 1291 8715 1342 Thlr.
8960 1134 9012 1183 ⅙
8923 1182 9057 1232 Thaler
9212 1111 9453 1151 Summa der
9169 1157 9498 1201 Silber⸗Courant⸗
9261 1203 9416 1248 Münzen
7184 1204 7231 1253 1/1
7483 1202 7524 1242 ½
7717 1216 7888 1266 Summa
7741 1309 7857 1355 Stück
7287 1247 7429 1288 Kronen
7301 1311 7420 1357 Stück
8919 1298 9009 1335 Thlr.
9110 1293 9163 1343 Sgr.
9269 1295 9351 1335 Thlr.
9456 1292 9510 1341 Sgr.
5202 1455 6085 1516 In den Jahren 1821 bis ultimo Juni 1857
6807 1446 7013 1492 21,562,065
7192 1461 7240 1470 —
7480 1455 7532 1464 —
7777 1456 7823 1469 —
8064 1452 8114 1469 —
8353 1443 8406 1465 —
8645 1438 8697 1456 —
8936 1427 8993 1456 —
9116 1430 9161 1456 —
9193 1419 9405 1464 85,834,598
9458 1415 9511 1458 20
5198 1500 6177 1570 In der Zeit vom 1. Juli 1857 bis ultimo 1871
5477 1559 5610 1603 Berlin
6896 1563 6952 1577 —
7179 1545 7308 1587 99,128
7468 1539 7598 1586 45,897
7744 1541 7892 1586 145,025
8030 1536 8183 1586 580,448
8243 1532 8471 1580 138,107,354
8575 1527 8758 1573 1,300,000
8899 1522 9055 1569 501,815
9132 1521 9161 1561 5
9172 1522 9400 1569 140,489,617
9482 1520 9511 1561 5
5480 1607 5667 1651 Hannover
6903 1611 6947 1622 —
7182 1591 7308 1641 54,750
7494 1584 7600 1632 1,859
7689 1587 7895 1631 56,609
8066 1598 8116 1615 —
8281 1578 8472 1623 1,902,390
8643 1585 8698 1606 —
8934 1582 8993 1606 —
9115 1580 9161 1603 —
9215 1567 9407 1611 1,902,390
9461 1582 9516 1600 —
5486 1646 5807 1699 Frankfurt a. M.
6904 1659 6949 1668 —
7189 1655 7238 1666 —
7482 1650 7531 1659 —
7779 1649 7823 1658 —
7995 1629 8182 1674 2,549,918
8320 1623 8468 1668 447,590
8640 1632 8704 1653 —
8935 1628 8992 1650 —
9112 1628 9164 1646 —
9214 1612 9402 1661 2,997,508
9463 1631 9512 1644 —
6329 1699 6499 1743 Summa
6905 1715 6948 1724 —
7157 1694 7305 1740 153,878
7394 1685 7599 1733 47,756
7744 1687 7896 1735 201,634
7997 1685 8182 1731 3,130,366
8245 1680 8469 1727 140,457,334
8577 1676 8767 1721 1,300,000
8900 1671 9062 1718 501,815
9138 1670 9164 1710 5
9173 1671 9402 1715 145,389,515
9480 1668 9508 1709 5
5209 1767 5549 1819 Im Jahre 1872:
5483 1809 5944 1857 Berlin, Münzzeichen A.
6905 1817 6948 1826 —
7191 1816 7239 1824 —
7482 1807 7530 1819 —
7781 1808 7828 1820 —
8068 1801 8122 1821 —
8356 1795 8414 1818 —
8611 1775 8765 1825 174,344
8532 1824 8808 1870 (Siegesthaler)
8936 1788 8987 1809 —
9112 1787 9165 1806 —
9254 1774 9403 1818 174,344
9464 1786 9517 1804 —
5484 1897 6007 1947 Hannover, Münzzeichen B.
6905 1907 6950 1916 —
7191 1905 7237 1917 —
7483 1900 7531 1910 —
7780 1898 7824 1910 —
8067 1891 8122 1913 —
8361 1884 8411 1904 —
8644 1882 8698 1903 —
8932 1878 8990 1904 —
9112 1877 9161 1903 —
9290 1878 9343 1900 —
9466 1878 9518 1893 —
5485 1941 6147 1996 Frankfurt a. M., Münzzeichen C.
6906 1952 6952 1960 —
7194 1950 7240 1961 —
7482 1944 7529 1958 —
7778 1944 7823 1955 —
8066 1935 8125 1955 —
8361 1932 8411 1948 —
8643 1924 8699 1950 —
8932 1925 8987 1947 —
9112 1927 9163 1945 —
9287 1920 9347 1945 —
9464 1924 9517 1941 —
6326 1996 6500 2040 Summa
6904 2009 6952 2017 —
7193 2007 7239 2017 —
7482 2002 7530 2013 —
7781 2001 7825 2011 —
8070 1994 8120 2012 —
8364 1988 8416 2004 —
8613 1968 8767 2017 174,344
8932 1983 8991 2003 —
9111 1981 9161 1999 —
9252 1965 9412 2013 174,344
9459 1972 9512 2000 —
5208 2057 6146 2117 Zuſammen vom 1. Juli 1857 bis ultimo 1872
6902 2068 6949 2076 —
7154 2043 7306 2093 153,878
7471 2039 7603 2087 47,756
7742 2037 7899 2086 201,634
7999 2035 8187 2086 3,130,366
8247 2028 8479 2077 140,457,334
8585 2026 8772 2074 1,474,344
8897 2025 9055 2071 501,815
9130 2022 9162 2067 5
9174 2024 9401 2068 145,563,859
9478 2019 9510 2062 5
5211 2109 5923 2171 Summa pro 1821 bis ultimo 1872
6808 2105 7012 2151 21,562,065
7191 2120 7240 2131 —
7486 2117 7535 2127 —
7742 2097 7899 2143 201,634
8067 2107 8124 2126 —
8361 2102 8417 2120 —
8651 2096 8701 2115 —
8935 2098 8989 2114 —
9110 2098 9161 2114 —
9169 2081 9399 2126 231,398,457
9461 2077 9510 2119 25
5610 2376 6033 2427 Zeitangabe.
6932 2224 7373 2274 Silber⸗Scheidemünzen.
8543 2205 8826 2255 Kupfermünzen.
6616 2311 6688 2362 2 ½
6954 2309 6996 2353 1/1
7304 2310 7347 2349 ½
7540 2302 7785 2344 Summa der
7505 2345 7824 2394 Silber⸗Scheide⸗
7581 2392 7740 2442 münzen.
7991 2300 8018 2338 4
8319 2294 8343 2334 3
8656 2286 8682 2326 2
8998 2285 9019 2324 1
9226 2307 9467 2347 Summa der
9211 2352 9485 2400 Kupfermünzen
6859 2398 7135 2446 Silbergroſchen
8430 2379 8599 2430 Pfennige
6549 2497 6634 2537 Thlr.
6710 2495 6763 2544 Sgr.
6770 2493 6819 2543 pf.
6890 2494 6971 2532 Thlr.
7045 2491 7096 2541 Sgr.
7101 2480 7142 2550 pf.
7226 2489 7305 2528 Thlr.
7384 2485 7431 2536 Sgr.
7441 2485 7489 2533 pf.
7565 2486 7647 2528 Thlr.
7726 2484 7777 2533 Sgr.
7785 2484 7831 2536 pf.
7902 2476 7985 2523 Thlr.
8062 2479 8113 2530 Sgr.
8124 2480 8170 2528 pf.
8243 2479 8324 2516 Thlr.
8405 2474 8450 2523 Sgr.
8458 2474 8509 2522 pf.
8579 2473 8662 2510 Thlr.
8738 2469 8789 2516 Sgr.
8794 2468 8849 2517 pf.
8914 2469 8999 2506 Thlr.
9074 2466 9122 2513 Sgr.
9133 2466 9179 2518 pf.
9254 2469 9336 2507 Thlr.
9411 2467 9461 2516 Sgr.
9471 2468 9519 2515 Pf.
5211 2628 6093 2683 In den Jahren 1821 bis ultimo Juni 1857
6575 2628 6634 2653 —
6706 2626 6754 2653 —
6764 2630 6815 2653 —
6916 2624 6973 2650 —
7038 2575 7086 2652 —
7099 2627 7144 2651 —
7245 2626 7298 2646 —
7378 2626 7424 2645 —
7435 2624 7483 2646 —
7520 2611 7709 2657 7,990,640
7726 2612 7768 2650 17
7803 2610 7827 2649 6
7926 2625 7977 2636 —
8058 2622 8107 2633 —
8117 2621 8167 2633 —
8268 2618 8319 2629 —
8401 2617 8449 2628 —
8458 2615 8501 2629 —
8608 2612 8658 2627 —
8734 2608 8776 2626 —
8791 2608 8838 2625 —
8945 2609 8996 2622 —
9131 2610 9181 2622 —
9213 2589 9403 2636 1,333,214
9409 2592 9453 2629 26
9467 2592 9510 2630 11
5210 2682 6205 2741 In der Zeit vom 1. Juli 1857 bis ultimo 1871:
5414 2735 5545 2778 Berlin
6514 2721 6701 2772 1,460,142
6707 2722 6755 2763 25
6765 2737 6815 2753 —
6852 2719 7033 2769 1,356,309
7046 2718 7090 2757 14
7099 2734 7146 2750 —
7219 2713 7366 2762 128,211
7383 2714 7426 2753 13
7440 2729 7485 2747 —
7521 2714 7713 2761 2,944,663
7725 2712 7770 2751 22
7779 2726 7829 2742 —
7918 2710 8046 2757 39,488
8079 2706 8110 2747 8
8117 2723 8166 2734 —
8235 2703 8386 2751 386,549
8426 2703 8448 2741 3
8459 2718 8506 2730 —
8576 2698 8727 2746 103,026
8740 2696 8783 2735 28
8795 2713 8842 2726 —
8910 2694 9060 2731 178 926
9073 2664 9122 2679 —
9093 2693 9121 2733 6
9132 2710 9181 2726 —
9245 2692 9399 2737 707,990
9410 2695 9453 2733 15
9462 2712 9514 2722 —
5413 2781 5605 2823 Hannover
6567 2769 6695 2816 81,296
6732 2770 6758 2806 5
6772 2780 6817 2799 —
6886 2765 7035 2810 157,450
7068 2764 7089 2802 9
7099 2777 7148 2795 —
7240 2760 7368 2805 60,945
7384 2758 7427 2800 19
7435 2770 7483 2794 —
7556 2759 7716 2807 299,692
7748 2757 7772 2797 3
7784 2774 7828 2788 —
7928 2771 7979 2785 —
8058 2771 8109 2782 —
8118 2768 8165 2782 —
8259 2749 8394 2793 55,941
8421 2751 8449 2787 8
8456 2764 8506 2778 —
8593 2744 8723 2789 30,681
8738 2744 8784 2782 10
8814 2739 8838 2777 2
8929 2741 9055 2783 40,939
9075 2740 9122 2779 13
9137 2740 9175 2778 11
9246 2739 9397 2784 127,562
9429 2740 9455 2779 2
9489 2741 9509 2780 1
5414 2826 5741 2875 Frankfurt a. M.
6568 2815 6702 2860 79,800
6732 2816 6757 2852 5
6767 2827 6819 2845 —
6883 2810 7035 2855 201,007
7044 2810 7094 2849 14
7099 2822 7149 2842 —
7263 2806 7368 2851 2,635
7383 2806 7425 2843 28
7437 2821 7487 2839 —
7556 2805 7710 2853 283,443
7730 2805 7770 2842 17
7782 2816 7830 2838 —
7942 2800 8048 2848 8,222
8083 2800 8107 2837 8
8142 2797 8167 2836 4
8259 2795 8390 2841 34,850
8421 2795 8446 2833 3
8460 2808 8505 2824 —
8597 2790 8728 2835 12,658
8734 2788 8776 2825 28
8791 2788 8838 2824 10
8936 2786 9059 2832 11,646
9095 2787 9120 2823 1
9155 2786 9181 2824 4
9269 2786 9397 2829 67,377
9412 2787 9453 2824 11
9488 2787 9514 2826 6
6040 2876 6210 2920 Summa
6514 2871 6696 2919 1,621,239
6731 2872 6757 2910 5
6771 2885 6817 2904 —
6853 2867 7033 2916 1,714,767
7065 2867 7089 2904 7
7104 2879 7148 2897 —
7219 2863 7368 2909 191,793
7383 2882 7433 2896 —
7438 2880 7488 2896 —
7525 2853 7712 2908 3,527,799
7729 2860 7773 2898 12
7779 2876 7833 2890 —
7919 2857 8049 2904 47,710
8061 2856 8108 2895 16
8141 2855 8166 2893 4
8234 2849 8389 2897 477,340
8404 2851 8444 2889 14
8451 2865 8502 2877 —
8575 2847 8725 2892 146,367
8755 2845 8778 2883 7
8794 2860 8842 2872 —
8906 2844 9060 2886 231,511
9070 2842 9116 2881 21
9155 2842 9179 2880 3
9244 2843 9396 2890 902,929
9410 2843 9457 2882 28
9488 2842 9510 2881 7
5208 2941 5555 2993 Im Jahre 1872:
5417 2984 5545 3031 Berlin
6569 2971 6696 3019 56,683
6734 2966 6759 3016 5
6767 2985 6819 3005 —
6909 2971 7033 3015 59,369
7044 2967 7092 3008 24
7102 2984 7149 2999 —
7243 2966 7370 3012 15,723
7410 2967 7431 3003 1
7442 2984 7489 2997 —
7561 2964 7712 3010 131,776
7722 2977 7771 2993 —
7778 2979 7827 2991 —
7932 2975 7979 2990 —
8060 2974 8108 2987 —
8119 2975 8166 2986 —
8262 2953 8394 2999 15,981
8399 2953 8444 2990 25
8453 2968 8502 2979 —
8607 2967 8659 2979 —
8737 2964 8783 2976 —
8791 2963 8842 2974 —
8952 2945 9055 2991 3,114
9069 2943 9112 2983 21
9132 2961 9177 2973 —
9271 2946 9393 2991 19,096
9411 2945 9452 2984 16
9461 2962 9515 2976 —
5417 3034 5602 3074 Hannover
6568 3018 6696 3064 26,676
6711 3020 6758 3059 15
6769 3032 6820 3051 —
6911 3014 7036 3060 19,048
7045 3014 7091 3053 13
7103 3031 7149 3045 —
7267 3012 7372 3056 8,339
7390 3012 7434 3050 10
7444 3028 7490 3041 —
7582 3010 7714 3053 54,064
7751 3009 7775 3047 8
7785 3021 7831 3041 —
7930 3020 7983 3036 —
8061 3021 8108 3033 —
8119 3022 8167 3031 —
8285 3000 8392 3044 1,843
8402 2998 8444 3037 16
8453 3014 8497 3026 —
8605 3012 8658 3025 —
8736 3009 8783 3023 —
8791 3008 8842 3020 —
8958 2991 9057 3038 1,200
9090 2989 9114 3027 7
9127 3006 9179 3018 —
9291 2991 9392 3033 3,043
9407 2991 9452 3028 23
9463 3009 9510 3020 —
5417 3076 5746 3126 Frankfurt a. M.
6570 3065 6697 3111 23,612
6710 3063 6757 3105 25
6768 3076 6817 3096 —
6907 3061 7037 3108 36,300
7066 3059 7093 3099 2
7102 3073 7150 3090 —
7266 3057 7372 3103 6,938
7411 3057 7435 3099 8
7469 3056 7492 3096 6
7586 3056 7713 3103 66,851
7751 3054 7775 3092 5
7808 3054 7832 3092 6
7932 3067 7980 3079 —
8062 3067 8110 3077 —
8120 3066 8167 3076 —
8281 3047 8388 3090 4,011
8219 3091 8346 3123 incluſive
8180 3124 8389 3161 9 Sgr. 9 Pfg.
8198 3161 8374 3190 v. J. 1871.
8401 3044 8440 3080 21
8455 3059 8505 3072 —
8654 3040 8728 3079 753
8733 3039 8781 3077 16
8814 3036 8841 3075 4
8988 3035 9055 3075 780
9087 3034 9115 3074 8
9150 3034 9172 3073 8
9289 3034 9395 3083 5,545
9409 3037 9453 3076 16
9462 3052 9520 3066 —
6043 3229 6213 3274 Summa
6548 3224 6698 3271 106,972
6714 3224 6758 3264 15
6771 3234 6818 3255 —
6892 3221 7040 3265 114,718
7070 3220 7092 3259 9
7106 3236 7151 3252 —
7244 3217 7376 3259 31,000
7392 3216 7433 3255 19
7468 3215 7491 3257 6
7560 3213 7716 3258 252,691
7735 3214 7775 3253 13
7810 3214 7833 3252 6
7934 3225 7985 3241 —
8065 3226 8113 3236 —
8127 3225 8168 3235 —
8262 3201 8388 3251 21,837
8424 3201 8445 3241 2
8457 3217 8503 3232 —
8655 3199 8729 3238 753
8741 3198 8782 3236 16
8812 3196 8840 3234 4
8952 3195 9054 3242 5,095
9089 3193 9115 3231 6
9151 3193 9175 3232 8
9266 3196 9392 3241 27,685
9407 3196 9451 3233 25
9462 3213 9511 3225 —
5212 3287 6157 3345 Zuſammen vom 1. Juli 1857 bis ultimo 1872
6514 3281 6700 3328 1,728,211
6711 3280 6760 3320 20
6770 3293 6820 3312 —
6856 3276 7037 3327 1,829,485
7049 3278 7095 3315 16
7107 3292 7156 3309 —
7228 3271 7376 3319 222,793
7391 3272 7435 3312 19
7469 3271 7492 3314 6
7531 3271 7725 3317 3,780,490
7733 3268 7778 3308 25
7812 3269 7836 3309 6
7925 3258 8055 3312 47,710
8069 3265 8114 3303 16
8147 3264 8173 3302 4
8237 3259 8391 3309 499,177
8406 3259 8447 3297 16
8456 3277 8508 3288 —
8571 3255 8728 3303 147,120
8739 3254 8784 3292 23
8816 3252 8843 3290 4
8908 3251 9058 3298 236,606
9066 3250 9113 3287 27
9133 3253 9170 3289 11
9243 3253 9393 3297 930,615
9408 3252 9452 3292 23
9484 3253 9507 3291 7
5210 3347 5925 3401 Summa pro 1821 bis ultimo 1872
6580 3348 6637 3370 —
6711 3349 6762 3373 —
6770 3350 6818 3366 —
6921 3347 6971 3364 —
7046 3349 7096 3366 —
7103 3347 7155 3365 —
7262 3346 7309 3363 —
7391 3344 7435 3357 —
7446 3343 7491 3357 —
7511 3328 7721 3376 11,771,131
7735 3327 7780 3364 13
7785 3341 7835 3357 —
7938 3336 7987 3354 —
8067 3339 8119 3349 —
8127 3338 8175 3348 —
8278 3336 8329 3348 —
8405 3333 8448 3344 —
8459 3331 8507 3343 —
8607 3328 8660 3342 —
8734 3327 8783 3338 —
8792 3324 8840 3337 —
9067 3322 9119 3337 —
9131 3323 9177 3336 —
9210 3308 9398 3357 2,263,830
9407 3308 9455 3348 20
9483 3309 9514 3350 6
5827 3580 6261 3633 Zeitangabe.
7868 3463 8604 3524 Hohenzollernſche Münzen.
7240 3572 7282 3612 1/1
7902 3567 7949 3607 ½
8284 3583 8833 3634 6 und 3 Kreuzer in Silber.
8524 3665 8598 3697 Thlr.
9081 3582 9340 3628 Kupfermüzen.
9179 3661 9261 3699 Thlr.
7514 3620 7670 3664 Gulden.
7226 3677 7303 3714 Thlr.
7888 3673 7964 3710 Thlr.
5219 3777 6102 3835 In den Jahren 1821 bis ultimo Juni 1857
7196 3760 7323 3808 28,840
7850 3754 7980 3801 15,040
8520 3743 8625 3790 2,195
9197 3741 9277 3781 300
5220 3836 5929 3889 Summa pro 1821 bis ultimo 1872
7198 3818 7323 3863 28,840
7852 3810 7980 3859 15,040
8523 3801 8628 3849 2,195
9197 3797 9279 3838 300
5500 3881 8408 3969 Vorſtehende Zuſammenſtellung wird in Gemäßheit des Artikels 24 des Münz⸗Vertrages vom 24. Januar 1857 zur öffentlichen Kenntniß gebracht.
5634 3956 6234 4011 Berlin, den 14. März 1873.
8412 3921 9101 3973 Königliche Münz⸗Direktion.
5499 4106 6352 4192 Perſonal-Veränderungen.
5556 4204 6279 4261 Offiziere, Portepee⸗Fähnriche ꝛc.
5289 4258 6551 4317 A. Ernennungen, Beförderungen und Verſetzungen.
5320 4309 6616 4375 Den 8. März 1873. Gr. v. Schlieffen, Major vom Gen.
5228 4351 6614 4419 Stabe des XV. Armee⸗Corps, zum Gen. Stabe des Garde⸗Corps,
5227 4403 6614 4468 v. Stückrad, Major vom Gen. Stabe der 31. Diviſion, zum Gen.
5228 4447 6619 4510 Stabe des XV. Armee⸗Corps, Koch, Hauptmann vom Großen Gen.
5229 4493 6618 4559 Stabe, zum Gen. Stabe der 31. Diviſion, v. Schultzendorff,
5230 4539 6619 4610 Major vom Großen Gen. Stabe zum Gen. Stabe der 10. Diviſion,
5230 4585 6620 4654 Rogalla v. Bieberſtein, Major vom Großen Gen. Stabe, zum
5233 4632 6621 4698 Gen. Stabe der 1. Diviſion, v. Nickiſch⸗Roſenegk, Hauptmann
5231 4673 6619 4745 vom Großen Gen. Stabe, zum Gen. Stabe der 18. Diviſion verſetzt.
5327 4719 6622 4786 Den 11. März 1873. Richter, Hauptm. vom Gen. Stabe
5233 4767 6631 4831 des I. Armee⸗Corps, v. Friedeburg, Hauptm. vom Gen. Stabe
5233 4810 6626 4876 der 5. Diviſion; Zingler, Hauptm. vom Gen. Stabe des XI. Armee⸗
5233 4855 6617 4926 Corps, zu Majors befördert. Graf von Schlippenbach, charakt.
5235 4899 6623 4971 Port. Fähnr. vom 1. Garde⸗Regt. zu Fuß, Gr. zu Leiningen⸗
5236 4946 6618 5013 Neudenau, char. Port. Fähnr. vom 4. Garde⸗Grenad. Regt. Königin,
5236 4992 6617 5063 zu Port. Fähnrs., v. Hellermann, Sec. Lt. vom 2. Garde⸗Ulan.
5236 5033 6623 5108 Regt., zum Pr. Lt. befördert. v. Prittwitz, Sec. Lt. vom 1. Garde⸗
5236 5081 6618 5153 Ulan. Regt., Bar. v. Pleſſen, Sec. Lt. vom 3. Garde⸗Ulan. Regt.,
5237 5125 6621 5190 beide à la suite des Regts. geſtellt. Perkiewiez, Unteroffizier
5238 5172 6620 5240 vom 5. Oſtpreuß. Inf. Regt. Nr. 41, zum Port. Fähnr.,
5240 5217 6620 5287 Steffenhagen, Port. Fähnr. vom 7. Oſtpreuß. Inf. Regt. Nr. 44,
5239 5262 6620 5332 zum Sec. Lt., Küntzel, Unteroff. von demſ. Regt., zum Port. Fähnr.,
5240 5307 6621 5377 befördert. Neumann, Sec. Lt. von der Reſ. des Königs⸗Huſ. Regts.
5243 5352 6623 5424 1. Rhein. Nr. 7, in gleicher Eigenſchaft zum 1. Leib⸗Huſ. Regt.
5242 5398 6622 5469 Nr. 1 verſetzt. Bütow, Vize⸗Feldw. vom 2. Bat. Stralſund, 1.
5241 5443 6623 5512 Pomm. Landw. Regts. Nr. 2, zum Sec. Lt. der Reſ. des 3. Pomm.
5244 5486 6629 5558 Inf. Reg. 14. befördert. Riehl, Sec. Lt. von der Inf. des 2. Bat.
5241 5534 6625 5606 Stralſund, 1. Pomm. Landw. Regt. Nr. 2 in die Kategorie der
5242 5575 6624 5649 Reſerve⸗Offiziere verſetzt und als ſolcher dem 6. Pomm. Inf. Regt. Nr. 49
5243 5624 6626 5695 zugetheilt. Waldow, Pr. Lt. von der Inf. des Reſ. Landw. Bats. Stettin
5241 5668 6624 5739 Nr. 34, zum interimiſt. Comp. Führer ernannt. Campe, Sec. Lt.
5243 5714 6624 5786 von der Inf. des 2. Bats. Stolp 6. Pomm. Landw. Regts. Nr. 49,
5243 5760 6624 5829 in die Kategorie der Reſ. Offiz. zurückgetreten und als ſolcher dem 5.
5241 5805 6624 5876 Pomm. Inf. Regt. Nr. 42 wieder zugetheilt. v. Poſeck, Hauptm.
5243 5852 6626 5921 à la suite des Heſſ. Füſ. Regts. Nr. 80, unter Entbindung von dem
5241 5896 6624 5967 Verhältniß als mil. Gouverneur des Prinzen Wilhelm von Heſſen,
5245 5940 6625 6012 Sohnes des Landgrafen Friedrich von Heſſen Hoheit, als Comp.
5247 5986 6625 6056 Chef in das 5. Brandenb. Inf. Regt. Nr. 48 einrangirt. Büttner I.
5245 6032 6626 6100 Sec. Lt. von der Inf. des 1. Bats. Landsberg 5. Brandenb. Landw.
5243 6078 6625 6146 Regts. Nr. 48, zum Premier⸗Lieutenant befördert. Iſenbeck,
5243 6123 6625 6192 Unteroffizier vom Brandenburg. Füſ. Regt. Nr. 35, zum Port.
5241 6166 6625 6239 Fähnr., v. Ahlefeldt, Portp. Fähnr. vom 8. Brandenburg. Inf.
5242 6215 6625 6280 Regt. Nr. 64 Prinz Friedrich Carl v. Preußen zum Sec. Lt. beför⸗
5245 6260 6625 6327 dert. Mohr, Schadewitz, Vize⸗Wachtm. vom Reſ. Landw. Bat.
5245 6305 6626 6371 Berlin Nr. 35, zu Sec. Lts. der Reſ. reſp. des 2. Rhein. Huſ. Regts.
5243 6350 6627 6418 Nr. 9 und des Schlesw. Holſt. Huſ. Regts. Nr. 16, Karbe, Elg⸗
5242 6395 6630 6463 ner, Vize⸗Feldw. vom 1. Bat. Neuſtadt EW. 7. Brandenburgiſchen
5242 6439 6628 6508 Landw. Regts. Nr. 60, zu Sec. Lts. der Reſ. reſp. des 4. Niederſchl.
5246 6486 6628 6551 Inf. Regts. Nr. 51, und des 5. Brandenb. Inf. Regts. Nr. 48 be⸗
6683 4065 8058 4123 fördert. Gr. v. Lüttichau, Port. Fähnr. vom Magdeb. Huſ. Regt.
6685 4104 8062 4169 Nr. 10, v. Eickſtedt, Port. Fähnr. vom Magdeb. Drag. Regt. Nr. 6
6682 4155 8062 4217 zu Sec. Lts. befördert. Ulrici, Vize⸗Wachtm. vom 2. Bat. Torgau
6685 4200 8060 4259 4. Magdeb. Landw. Regts. Nr. 67, zum Sec. Lt. der Reſ. des Altmärk.
6686 4246 8060 4304 Ulan. Regts. Nr. 16, Herſchenz, Pr. Lt. von der Inf. des 1. Bats.
6687 4292 8062 4351 Sangerhauſen 1. Thüring. Landw. Regts. Nr. 31, zum Hauptm.,
6687 4336 8060 4397 befördert. Rudloff, Port. Fähnr. vom 1. Weſtpreuß. Gren. Regt.
6689 4382 8062 4442 Nr. 6, Bieneck, Port. Fähnr. vom Weſtf. Füſ. Regt. Nr. 37,
6686 4427 8062 4489 zu Sec. Lts., Dzialas, Unteroff. vom 1. Niederſchl. Inf. Regts.
6687 4475 8064 4532 Nr. 46, zum Port. Fähnr., befördert. Schmidt, Hauptm. von
6690 4517 8059 4580 der Inf. des 1. Bats. Sprottau 1. Niederſchleſ. Landw. Regts. Nr.
6689 4561 8065 4626 46, zum Comp. Führer ernannt. Graf v. Stoſch, Pr. Lt. von der
6690 4609 8064 4669 Inf. deſſ. Bats., zum Hauptm. befördert. Wuthe, Pr.
6690 4655 8063 4714 Lt. von der Inf. des 1. Bats. Jauer 2. Weſtpr. Landw.
6691 4700 8065 4761 Regts Nr. 7, zum interimiſt. Comp. Führer ernannt. Graf von
6692 4745 8064 4803 Strochwitz, Sec. Lt. von der Reſ. des Rhein. Drag. Regts. Nr. 5,
6690 4791 8064 4852 zum Prem. Lt. befördert. Heck, Hauptm. von der Inf. des 1. Bats.
6691 4834 8066 4896 Neutanysl 3. Poſen Landwehr Regts. Nr. 58, zum Comp. Führer
6691 4881 8063 4940 ernannt. Rothe, Müller, Sec. Lts. von der Inf. des 2. Bats.
6689 4928 8065 4988 Koſter 3. Poſen. Landw. Regts. Nr. 58, zu Prem. Lts. befördert.
6690 4972 8065 5031 v. Rihthofen, Port. Fähnr. vom 2. Schleſ. Gren. Regt. Nr. 11,
6686 5018 8066 5080 zum Sec. Lt., Melms, Prem. Lt. vom Schleſ. Füſ. Regt. Nr. 38,
6690 5064 8068 5123 zum Hauptm. und Comp. Chef, v. Monſterberg, Sec. Lt. von
6691 5109 8065 5169 demſ. Regt., Mießner, Sec. Lt. vom 1. Poſen. Inf. Regt. Nr. 18,
6693 5153 8067 5215 Grürdel, Sec. Lt. vom 3. Oberſchleſ. Inf. Regt. Nr. 62,
6691 5199 8066 5259 zu Prem. Lieuts. befördert. v. Lindheim, Premier Lieut.
6692 5245 8069 5304 von dr Reſerve des 1. Schleſ. Huſaren Regts. Nr. 4, zum
6692 5287 8069 5349 Rittm., Rudnik, Sec. Lt. von der Inf. des 3. Bats. Ratibor
6695 5335 8068 5396 1. Obeſchl. Landw. Regts. Nr. 22, zum Pr. Lt., Schultz, Vize⸗
6693 5381 8069 5438 Feldw. om 2. Bat. Oppeln 4. Oberſchl. Landw. Regts. Nr. 63, zum
6693 5425 8068 5485 Sec. Lt der Reſ. des Schleſ. Füſ. Regts. Nr. 38, befördert. Paris,
6694 5471 8068 5530 Pr. Lt. vom 1. Weſtfäl. Inf. Nr. 13, zum Hauptm. und Comp.
6693 5515 8069 5575 Chef, Nangelsdorf, Sec. Lt. von demſ. Regt. Poelmahn,
6696 5560 8068 5621 Seyer Sec. Lts. vom 6. Weſtfäl. Inf. Regt. Nr. 55, zu Pr. Lts.,
6694 5605 8067 5669 befördert Gr. v. Hatzfeldt, Sec. Lt. vom 1. Weſtfäl. Huſ. Regt.
6695 5651 8073 5710 Nr. 8, à la suite des Regts. geſtellt. Schrakamp, Unteroff. vom
6695 5696 8069 5758 8. Weſtfl. Inf. Regt. Nr. 57, zum Port. Fähnr. befördert. Huth,
6695 5743 8068 5798 Sec. Lt. von der Kav. des 2. Bats. (Iſerlohn) 7. Weſtfäl. Landw.
6694 5788 8071 5846 Regts. N. 56, zum Pr. Lt. befördert. Plümacher, Hptm. von
6696 5832 8069 5893 der Inf. es 2. Bats. (Düſſeldorf) 4. Weſtfäl. Landw. Regts. Nr. 17,
6695 5876 8076 5937 zum Com. Führer ernannt. v. Liebermann, Maj. a. D., zuletzt
6695 5923 8071 5983 Hauptm. nd Comp. Chef im 5. Rhein. Inf. Regt. Nr. 65, unter
6697 5967 8069 6027 Stellung z Disp. mit ſeiner Penſ., zum Bezirkscommdr. des 1. Bats.
6696 6010 8069 6074 (Neuß) 6. Rhein. Landw. Regts. Nr. 68 ernannt. Plette, Port.
6695 6059 8068 6119 Fähnr. von 8. Rhein. Inf. Regt Nr. 70, zum Sec. Lt., Broſius,
6696 6103 8069 6163 char. Port Fähnrich von demſelben Regiment, Otto, Unter⸗
6697 6147 8074 6207 offizier von demſelben Regiment, zu Port. Fähnrichs befördert.
6696 6192 8069 6254 Suermont, Sec.⸗Lieutenant à la suite des Rheiniſchen Küraſſier⸗
6696 6239 8066 6297 Regts. Nr., in den Etat des Regts. wieder einrangirt. Mertens,
6695 6283 8069 6344 Hauptm. ud Comp. Chef vom Rhein. Jäger⸗Bat. Nr. 8, unter
6694 6326 8066 6389 Beförd. zun Major in das 7. Rhein. Inf. Regt. Nr. 69 verſetzt.
6694 6371 8067 6434 Harnickell Hauptm. und Comp. Chef vom Brandenb. Jäger⸗
6696 6417 8067 6481 Bat. Nr. 3, in das Rhein. Jäger⸗Bat. Nr. 8 verſetzt. v. Heyd⸗
6696 6462 8066 6523 weiller, Pr Lt. vom Brandenburg. Jäger⸗Bat. Nr. 3. zum Hauptm.
8133 4052 9511 4107 und Comp. Chef, Poly, Sec. Lieut. von demſ. Bat., zum Pr. Lt.
8132 4098 9526 4151 — befördert. Bake, Vize⸗Wachtm. vom 2. Bat. (Brühl) 2. Rhein.
8134 4143 9528 4195 Landw. Regts. Nr. 28, zum Sec. Lt. der Reſ. des 1. Heſſ. Huſ.
8133 4189 9516 4246 Regts. Nr. 13 befördert. v. Spillner, Maj. aggr. dem 7. Rhein.
8135 4234 9522 4287 Inf. Regt. Nr. 69, in das Schlesw. Holſtein. Füſ. Regt. Nr. 86 einrangirt.
8136 4279 9517 4336 Schnackenberg, Pr. Lt. vom 1. Hannov. Inf. Regt. Nr. 74,
8135 4324 9530 4380 zum Hauptm. und Comp. Chef, Macholz, Tottleben, Sec. Lts.
8136 4370 9515 4424 von demſ. Regt. zu Pr. Lts., du Pleſſis, char. Port. Fähnr.
8136 4415 9516 4466 vom Oſtfrieſ. Inf. Regt. Nr. 78, zum Port. Fähnr. befördert.
8137 4461 9517 4514 Lau, Pr. Lt. vom 2. Hannov. Inf Regt. Nr. 77, zum Hauptm.
8137 4506 9518 4557 und Comp. Chef, v. Normann, Sec. Lt. von demſ. Regt., zum
8137 4550 9517 4606 Pr. Lt., Jedermann, Port. Fähnr. von demſ. Regt., zum Sec. Lt.
8137 4596 9516 4647 befördert. v. Sillich, Hauptm. und Comp. Chef vom 2. Hannov. Inf.
8136 4641 9520 4698 Regt. Nr. 77 und kommdrt. zur Dienſtl. beim Kriegs⸗Miniſterium, unter
8138 4687 9520 4740 Belaſſung in dieſem Kommdo dem gedachten Regt. aggregirt. v Hocke,
8138 4731 9516 4787 Pr. Lt. vom 4. Oberſchleſ. Inf. Regt. Nr. 63 und kommandirt zur Dienſt⸗
8139 4777 9519 4835 leiſtung beim Großen Generalſtabe, unter Beförd. zum Hauptm. und
8141 4823 9516 4879 Comp. Chef, in das 2. Hannoverſche Inf. Regt. Nr. 77 verſetzt.
8138 4867 9516 4923 v. Baſſewitz, Sec. Lt. vom Heſſ. Füſ. Regt. Nr. 80, zum Pr. Lt.,
8138 4913 9509 4968 Kehl, Pr. Lt. vom Rhein. Drag. Regt. Nr. 5, zum Rittm. u. Esc.
8140 4957 9506 5015 Chef, Gr. v. d. Schulenburg⸗Bodendorf, Sec. Lt. von demſ.
8138 5000 9513 5058 Regt., zum Pr. Lt., Frhr. von dem Bodtlenberg, gen. v. Schirp,
8140 5047 9511 5104 Unteroff. vom 2. Thür. Inf. Regt. Nr. 32, zum Port. Fähnrich,
8139 5091 9512 5150 Freiherr von Campe⸗Yſenbüttel, Port. Fähnr. vom 2. Heſſ. Huſ.
8139 5138 9511 5194 Regt. Nr. 14, zum Sec. Lt., Winter, Sec. Lt. vom 1. Großh.
8138 5181 9511 5239 Heſſiſchen Leibgarde⸗Regiment Nr. 115, zum Pr. Lt., Heydacker,
8140 5226 9516 5286 Pr. Lt. vom 2. Großherzoglich Heſſ. Inf. Regt Großherzog Nr. 116,
8141 5272 9511 5332 zum Hauptm. und Comp. Chef, Frhr. Roeder v. Diersburg I.,
8141 5317 9514 5373 Sec. Lt, von demſ. Regt., zum Pr. Lt., v. Oertzen, char. Port.
8141 5360 9514 5422 Fähnr. vom 2. Großh. Heſſ. Drag. Regt., Leib⸗Drag Regt. Nr. 24,
8142 5406 9514 5468 zum Port. Fähnr. befördert. Pariſh, unter dem geſetzlichen
8141 5450 9513 5511 Vorbehalt ausgeſchiedener Sec. Lt., zuletzt im 1. Großh. Heſſ. Drag.
8141 5496 9514 5556 Regt., Garde⸗Drag. Regt., Nr. 23, in die Kategorie der Reſ. Offiz.
8141 5542 9518 5605 verſetzt, und als ſolcher dem gedachten Regt. zugetheilt. Bende⸗
8142 5587 9516 5649 mann, Pr. Lt. vom 6. Thür. Inf. Regt. Nr. 95, unter
8143 5632 9528 5695 Entbindung von ſeinem Kommando als Adiut. der 40. Inf.
8142 5677 9521 5740 Brig., zum Hauptm. und Comp. Chef befördert. Wettſtein,
8141 5723 9523 5782 Prem. Lt. vom 4. Rhein. Inf. Regt. Nr. 30, unter einſtweiliger
8143 5767 9530 5830 Belaſſung in ſeinem Kommdo. als Adjut. der 39. Inf. Brig., zum
8142 5813 9527 5874 überzähl. Hauptm. befördert. Rödenbeck, Pr. Lt. vom 1. Nieder⸗
8141 5858 9527 5919 ſchleſiſchen Inf. Regt. Nr. 46, als Adjut. zur 40. Inf. Brig. kom⸗
8141 5903 9524 5960 mandirt. Metze, Sec. Lt. vom 4. Weſtf. Inf. Regt. Nr. 17, Gr.
8141 5949 9526 6007 v. Kanitz, Sec. Lt. vom 1. Bad. Leib⸗Gren. Regt. Nr. 109, Ro⸗
8139 5993 9531 6057 ſérus, Sek. Lt. vom Kurmärkiſchen Drag. Regt. Nr. 14,— zu
8141 6039 9530 6102 Premier⸗Lieutenants, Dahmen, Unteroffizier vom 3. Bad. Dra⸗
8136 6085 9525 6141 goner⸗Regiment Prinz Karl Nr. 22, Buchholtz, charakt.
8139 6109 9532 6185 Portepee⸗Fähnrich vom 4. Badiſchen Inf. Regt. Prinz Wilhelm
8137 6175 9524 6236 Nr. 112, Thoma, Gefreiter vom 5. Bad. Inf. Regt. Nr. 113,
8140 6220 9528 6277 zu Port. Fähnrs. befördert. Bardt, Pr. Lt. vom 8. Oſtpreußiſchen
8137 6265 9537 6324 Inf. Regt. Nr. 45, zum Hauptm. und Comp. Chef, Perkuhn,
8140 6309 9537 6367 Sec. Lt. von demſ. Regt., Boſſe, Sec. Lt. vom 1. Rhein. Inf.
8138 6354 9537 6413 Nr. 25, v. Garnier, Sec. Lt. vom 2. Niederſchleſ. Inf. Regt.
8139 6398 9521 6459 Nr. 47, zu Pr. Lts., Wilke, v. Eckartsberg, char. Port
8139 6443 9519 6507 Fähnr. von demſ. Regt., zu Port. Fähnrs. befördert. Schmidt
