10032 6968
1060 363 1590 411 Berlin, 18. Mai 1877.
742 421 2026 487 Im Hinblick auf die beginnende Reiſezeit wird auf
637 471 2028 532 die bei der Reichs⸗Telegraphenverwaltung beſtehende Einrich⸗
639 524 2023 589 tung aufmerkſam gemacht, nach welcher die Einlieferung
639 574 2023 636 von Telegrammen auch bei den in den Eiſenbahn⸗
641 624 2023 690 zügen fahrenden Poſtbureaus erfolgen kann. Die be⸗
639 675 2022 736 treffenden Telegramme können auch auf Poſtkarten geſchrieben
641 726 2022 792 ſein, welche dann an Stelle der auszuſtreichenden Ueber⸗
638 780 2022 840 ſchrift „Poſtkarte“ mit der Bezeichnung „Telegramm“ zu ver⸗
640 828 2021 891 ſehen, mit den erforderlichen, der Telegraphengebühr ent⸗
639 871 2021 941 ſprechenden Poſtfreimarken zu bekleben und durch den Brief⸗
638 928 2020 991 kaſten an den Poſtwagen zur Aufgabe zu bringen ſind. Wo
637 979 2021 1041 die örtlichen Verhältniſſe und die Dauer des Aufenthalts auf
638 1032 2021 1093 den betreffenden Eiſenbahnſtationen es geſtatten, werden auch
636 1081 2021 1142 nicht mit Marken beklebte Telegramme gegen Baarzahlung durch
638 1138 2019 1197 das Fenſter bez. die Thür des Eiſenbahnpoſtwagens angenommen.
638 1184 1946 1249 Eine Zuſchlagsgebühr kommt hierbei nicht zur Erhebung.
730 1296 2023 1361 Cöln, 16. Mai. Der Central⸗Dombauverein hielt
641 1342 2020 1407 geſtern in herkömmlicher Weiſe ſeine Generalverſammlung ab.
644 1394 2021 1449 Nach einem feierlichen Hochamte im Dom begaben ſich die
640 1434 2023 1496 Vereinsgenoſſen in feſtlichem Zuge, voran das Vereinsbanner
639 1484 2022 1545 und begleitet von einem Muſik⸗Corps, nach dem Gürzenich. Hier
640 1530 2019 1585 wurde im Iſabellenſaale unter Vorſitz des Vereins⸗Präſidenten,
642 1571 2021 1633 Ober⸗Bürgermeiſters a. D. Bachem die Generalverſammlung
641 1620 2020 1680 abgehalt n. Hr. Bachem begrüßte in einer kurzen Anſprache
640 1665 2019 1725 die Feſtgenoſſen und wies unter Anderm darauf hin, daß, wie
640 1708 2023 1769 man bei Beginn des Fortbaues des Domes geahnt, das hehre Gottes⸗
639 1757 2018 1814 haus vereint ausgebaut, ein Denkmal der deutſchen Einheit werde;
640 1802 2018 1859 in dieſem Jahre ſei die aus erobertem Metall gegoſſene Kaiſerglocke
637 1847 2019 1905 weit erklungen zur Begrüßung des Geburtstages Sr. Majeſtät
640 1894 2017 1948 des Kaiſers, dem es vergönnt ſein möge, den Tag zu er⸗
642 1933 2016 1993 leben, wo das herrliche Gotteshaus vollendet daſtehen werde. Hr. Schmitz⸗
641 1984 2022 2042 Löhnis trug den Rechenſchaftsbericht vor. Darnach wurden
642 2031 2022 2087 im Ganzen verausgabt 985,000 ℳ Die Kaiſerglocke wurde vom
642 2074 2021 2127 Vereinsvorſtande dem Metropolitan⸗Domkapitel für den Dom als
641 2131 1046 2178 Geſchenk überwieſen.
734 2165 2022 2217 Der Dombaumeiſter, Hr. Regierungs⸗Rath Voigtel, erſtattete
638 2211 2022 2263 den Baubericht. Nach dieſem erreichten die Umfaſſungswände
639 2256 2021 2312 der Oktogone der beiden Hauptthürme bereits vor Ablauf des
638 2301 2021 2358 Jahres 1876 die im Betriebsplane vorgeſehene Höhe von
638 2346 2021 2402 94 Meter über dem Fußboden der Kirche, und der anhaltend milde
637 2392 2022 2447 Winter des Jahres 1876/77 geſtattete den Fortbau der Thürme über
637 2438 2022 2495 das Hauptgeſims des vierten Stockwerks hinaus. Am 3. Februar
638 2483 2021 2540 d. J. wurde nach der Vollendung des Laufganges und der Galerien
640 2528 2020 2586 auf der Höhe des ſüdlichen Thurmes die Sockelſchicht zum Steinhelm
638 2574 2022 2631 verſetzt, der nördliche Thurm erhielt den gleichen Ausbau mit Ablauf
641 2620 2021 2670 des Monats März. Mit Schluß des Jahres 1876 gingen auch die
638 2665 2021 2722 ſechs großen Eckthürme am ſüdlichen und nördlichen Thurme ihrer
641 2711 2022 2767 Vollendung entgegen; binnen vier Monaten wurden ungefähr 150
640 2756 2018 2811 ſteigende Meter dieſer reich profilirten mit Engelfiguren, Baldachi⸗
2092 324 3474 381 nen und zierlichem Maß⸗ und Rebwerk geſchmückten Eckthürme auf⸗
2093 366 3474 430 gebaut. Der Aufbau der Steinhelme mußte bis zur Einwölbung
2091 417 3473 473 der großen Sterngewölbe verſchoben werden, da die Errichtung des
2093 462 3474 519 Baugerüſtes erſt nach Fertigſtellung derſelben vorgenommen werden
2092 506 3473 563 kann. Zur Zeit iſt das Sterngewölbe des ſüdlichen Thurmes nahezu
2092 552 3474 608 vollendet; mit dem Aufſchlagen des Gerüſtes wird zu Anfang Juni
2091 597 3473 653 begonnen werden. Zu Ende des Jahres 1876 wurde der theilweiſe
2091 643 3472 695 Abbruch des alten Glockenſtuhls im zweiten Geſchoſſe des ſüdlichen
2091 687 3474 742 Thurmes angeordnet, um den für den Aufbau des unausgeführt
2091 733 3471 795 gebliebenen Centralpfeilers nöthigen Raum zu ſchaffen. Der Auf⸗
2091 779 3472 832 bau dieſes 25 Meter hohen Pfeilers, nebſt den vier großen Gurt⸗
2091 825 3472 880 bogen und die Einfügung der letztern in die Kreuzgewölbe ſind nahezu
2091 870 3473 924 vollendet, ſo daß bis Ende dieſes Jahres die Einwölbung der Kreuz⸗
2092 916 3472 971 gewölbe, wie der Entlaſtungsgewölbe darüber fertig geſtellt ſein wer⸗
2091 961 3472 1013 den. Nach Vollendung der Einwölbung des zweiten Stockwerkes des
2091 1006 3473 1062 ſüdlichen Thurmes kann nunmehr der neue eiſerne Glockenſtuhl
2090 1051 3472 1104 und deſſen Subkonſtruktion, welche auf dem neu errichteten Central⸗
2091 1097 3473 1152 pfeiler ruhen wird, zur Ausführung gelangen. Das Domgeläute
2091 1143 3480 1197 wird für die Folge beſtehen aus folgenden Glocken: Kaiſerglocke, Pre⸗
2092 1188 3274 1243 cioſa, Specioſa, Dreikönigenglocke, Urſula und Kapitelglocke.
2186 1234 3475 1283 Um bei Erneuerung der allſeitig verwitterten Ornamente der
2091 1279 3475 1330 beiden unteren Geſchoſſe des ſüdlichen Thurmes die ſeit einer
2092 1324 3476 1379 langen Reihe von Jahren in der Ausarbeitung reichverzier⸗
2091 1369 3474 1422 ter Architekturdetails beſonders geübten Dombauſteinmetzen
2089 1414 3475 1472 fernerhin zu beſchäftigen und die Reſtaurationsarbeiten
2091 1459 3478 1515 gleichzeitig mit dem Bau der Thurmhelme zum Abſchluß zu bringen,
2092 1505 3475 1559 iſt bereits mit der Errichtung des erforderlichen Gerüſtes begonnen
2090 1550 3474 1600 und wird zunächſt die Abnahme der aus Drachenfelſer Trachyt ge⸗
2090 1595 3474 1650 arbeiteten gänzlich zerſtörten Ornamente, beſtehend in Fialen,
2088 1643 3473 1696 Kreuzblumen, Wimbergen, Baldachinen, vorgenommen werden.
2090 1685 3473 1740 Die Neufertigung dieſer zahlreichen Details hat im
2090 1731 3473 1788 vergangenen Winter in den Werkhütten begonnen; als Ma⸗
2089 1777 3472 1830 terial wurde dazu ein ſehr harter und ausdauernder Sand⸗
2091 1822 3475 1878 ſtein genommen. Auch wird ſich die Reſtauration auf die im Laufe
2089 1868 3475 1922 von Jahrhunderten durch eingedrungene Feuchtigkeit beſchädigten
2092 1914 3475 1970 Profilirungen, Sockel, Fenſtermaßwerke u. ſ. w. im Innern der
2093 1959 3475 2014 Thurmhallen erſtrecken. Erſt nach Vollendung derſelben kann die
2093 2005 3476 2058 Einwölbung dieſer Hallen und die Beſeitigung der Abſchlußmauern
2093 2050 3476 2108 gegen die Kirche hin erfolgen. Für Baumaterial jeder Art wurde
2093 2096 3476 2147 im Betriebsjahr 1876 die Summe von 379,700 ℳ verausgabt.
2188 2142 3476 2194 Der plaſtiſche Schmuck der Vorhallen der Weſtfront des
2091 2188 3475 2236 Nordportals wurde im Laufe des Jahres 1876 ſichtbar gefördert.
2094 2232 3477 2287 Gleiche Figuren wie die acht, welche hier aufgeſtellt worden, ſind für
2090 2278 3477 2330 die Mittelhalle modellirt und im Atelier des Dombildhauers Fuchs
2091 2333 2464 2380 ausgeführt worden.
2187 2370 3481 2417 Von Seiten der Vereinskaſſe wurden im Jahre 1876 im Gan⸗
2093 2415 3478 2468 zen 1,110,000 ℳ zum Fortbau des Domes eingezahlt, die für den
2092 2460 3478 2510 Dombau verausgabte Summe beträgt 1,190,090 ℳ Im Laufe von
2098 2506 3479 2559 13 Jahren, von 1864 bis ultimo 1876, wurden für den Ausbau der
2092 2558 2736 2605 Thürme 7,661,177 ℳ verwandt.
2186 2654 3480 2708 Paris, 13. Mai. (Köln. Ztg.) Geſtern Abend feierte der
2091 2693 3480 2751 Männergeſangverein „Teutonia“ in den Sälen des Re⸗
2088 2745 3481 2794 ſtaurants Bonvallet ſein zwanzigjähriges Beſtehen. Das Feſt wurde
3545 310 4938 362 mit einem Banket eröffnet, auf das ein Ball folgte. Dem Banket
3544 356 4932 411 wohnten ungefähr 150 Perſonen, Herren und Damen, an. Zu dem
3546 398 4933 456 Ball, der gegen 11 Uhr begann, erſchienen auch der deutſche Bot⸗
3546 447 4931 502 ſchafter, Fürſt Hohenlohe, der bayeriſche Geſchäftsträger, von Ruthard,
3545 493 4933 540 und mehrere Mitglieder der hieſigen deutſchen Botſchaft. Bei der
3545 537 4934 591 Ankunft des Fürſten Hohenlohe wurde der Ball einige Zeit lang
3544 583 4935 630 unterbrochen und trugen die aktiven Mitglieder der Geſellſchaft zu
3546 635 4218 681 Ehren deſſelben einige Lieder vor.
3638 719 4935 772 Paris, 16. Mai. (L. C.) Durch die Keſſelexploſion
3546 766 4935 818 auf der Panzerfregatte „Revanche“ ſind 26 Mann getödtet,
3546 810 4935 861 10 ſehr ſchwer, 16 noch ſchwer verwundet und 25 mehr oder weniger
3544 854 4936 908 bedenklich verletzt worden; 1 Mann wird vermißt. Das halb zer⸗
3545 904 4935 951 ſtörte Schiff wurde von der „Provence“ ins Schlepptau genommen
3544 947 4933 995 und nach Toulon gebracht. Eine Unterſuchung über die Urſache des
3538 996 4004 1045 Unglücks iſt eingeleitet.
3638 1078 4938 1135 New⸗York, 15. Mai. (A. A. C.) Hier eingegangenen Nach⸗
3547 1128 4934 1178 richten zufolge iſt St. Stephens in New⸗Brunswick von
3548 1173 4935 1222 einer verheerenden Feuersbrunſt heimgeſucht worden. Siebenzig
3548 1218 4938 1267 Gebäude brannten nieder, wodurch 43 Familien obdachlos wurden. Der
3549 1264 4937 1318 angerichtete Schaden wird auf 200,000 bis 500,000 Dollars geſchätzt.
4096 1355 4377 1408 Theater.
3639 1413 4935 1469 Der geſtrigen Wiederholung des „Otello“ auf der Winter⸗
3547 1462 4939 1515 bühne des Friedrich⸗Wilhelmſtädtiſchen Theaters mit
3548 1509 4940 1563 Sgr. Salvini in der Titelrolle wohnten Se. Majeſtät der
3547 1554 4944 1605 Kaiſer, Ihre Königliche Hoheit die Prinzeſſin Friedrich Carl mit
3547 1597 4939 1650 der Prinzeſſin Marie und Se. Königliche Hoheit der Prinz Wilhelm
3549 1644 4938 1695 bis zum Schluſſe bei. — Die zweite Gaſtrolle des gefeierten Tra⸗
3548 1690 4940 1742 göden wird Shakeſpeare's „Hamlet“ ſein und morgen, Sonn⸗
3547 1742 3901 1786 abend, ſtattfinden.
3640 1781 4939 1830 — Im Krollſchen Park, welcher jetzt vollſtändig für den
3548 1826 4940 1878 Sommer eingerichtet iſt, finden an den Feiertagen von Nachmittags
3547 1871 4940 1924 4 Uhr ab, mit der Theatervorſtellung abwechſelnd, große Doppel⸗
3548 1920 4702 1968 Konzerte, Abends bei vollſtändiger Illumination, ſtatt.
3635 1962 4946 2013 — Morgen, Sonnabend, geht im Woltersdorff⸗Theater
3549 2008 4942 2058 eine Novität: „Zehn Jahre Kriminell“, Poſſe mit Geſang von Carl
3550 2057 4464 2106 Görlitz, Muſik von Adolph Mohr, in Scene.
3641 2099 4941 2147 — Die Direktion des Belle⸗Alliance⸗Theaters hat, um
3552 2145 4944 2194 den Wünſchen des Publikums entgegen zu kommen, den Anfang der
3553 2191 4942 2239 Concerte Wochentags auf 6 Uhr, den Anfang der Theatervorſtellungen
3555 2238 4941 2286 auf 7 Uhr feſtgeſetzt. — An beiden Feiertagen finden im Sommergarten
3551 2283 4951 2330 Frühconcerte, ausgeführt von der Kapelle des I. Garde⸗Dragoner⸗
3551 2331 4437 2381 Regiments, ſowie Theatervorſtellungen ſtatt.
3645 2418 4945 2468 Im Stadtpark wird die Saiſon am Sonntag, den 20. d. M.,
3552 2464 4947 2513 durch ein von dem Königlichen Muſikdirektor Meinberg geleitetes
3552 2515 4081 2559 Konzert eröffnet werden.
3641 2556 4943 2602 — Die beiden erſten der am Mittwoch begonnenen Konzerte des
3553 2601 4944 2651 Königlichen und Hof⸗Muſikdirektors Bilſe in dem Flora⸗Eta⸗
3554 2647 4828 2695 bliſſement zu Charlottenburg ſind zahlreich beſucht geweſen.
3646 2692 4945 2739 London, 18. Mai. (W. T. B.) Die Königin hat geſtern
3553 2741 4435 2787 Richard Wagner in Windſor empfangen.
696 2924 1723 2980 Inſerate für den Deutſchen Reichs⸗ u. Kgl. Preuß.
695 2981 1723 3037 Staats⸗Anzeiger, das Central⸗Handelsregiſter und das
696 3037 1722 3094 Poſtblatt nimmt an: die Königliche Expedition
732 3093 1685 3145 des Deutſchen Reichs-Anzeigers und Königlich
906 3152 1515 3203 Preußiſchen Staats-Anzeigers:
778 3206 1639 3257 Berlin, S. W. Wilhelm⸗Straße Nr. 32.
1957 2839 3612 3003 Oeffentlicher Anzeiger.
1877 3019 2703 3063 1. Steckbriefe und Untersuchungs-Sachen.
1876 3064 2742 3110 2. Subhastationen, Aufgebote, Vorladungen
1966 3110 2131 3155 u. dergl.
1875 3156 2764 3201 3. Verkäufe, Verpachtungen, Submissionen etc.
1874 3201 2746 3246 4. Verloosung, Amortisation, Zinszahlung
1966 3247 2649 3291 u. s. w. von öffentlichen Papieren.
2825 3012 3695 3056 5. Industrielle Etablissements, Fabriken und
2914 3061 3159 3102 Grosshandel.
2823 3105 3539 3149 6. Verschiedene Bekanntmachungen.
2820 3152 3319 3198 7. Literarische Anzeigen.
2821 3195 3229 3242 8. Theater-Anzeigen.
2823 3242 3313 3283 9. Familien-Nachrichten.
3385 3191 3684 3239 In der Börsen-
3464 3240 3615 3283 beilage.
3848 2913 4887 2958 Inſerate nehmen an: das Central⸗Annoncen⸗
3849 2953 4886 3002 Bureau der deutſchen Zeitungen zu Berlin,
3848 3003 4887 3050 Mohrenſtraße Nr. 45, die Annoncen⸗Expeditionen des
3850 3051 4886 3093 „Invalidendank“, Rudolf Moſſe, Haaſenſtein
3850 3094 4888 3141 & Vogler, G. L. Daube & Co., E. Schlotte,
3848 3139 4886 3186 Büttner & Winter, ſowie alle übrigen größeren
4146 3186 4599 3223 Annoncen⸗Bureaus.
829 3364 1499 3414 Verkäufe, Verpachtungen,
942 3417 1381 3466 Submiſſionen ꝛc.
639 3483 766 3528 [4407]
689 3516 1504 3573 Für das untengenannte Regiment ſollen:
738 3560 1679 3612 672 Stück Czapkas mit Adler und Nationale,
760 3611 1322 3653 30 Stück wollene Woylachs,
736 3653 1447 3701 170 Stück Futterſäcke von Drillich,
734 3702 1263 3749 137 Stück Freßbeutel und
751 3749 1184 3790 30 Stück Tränkeimer
644 3790 1510 3842 im Wege der Submiſſion beſchafft werden.
689 3831 1676 3883 Lieferanten, welche hierauf reflektiren, wollen
641 3878 1677 3934 Offerten unter genauer Preisangabe und Einſendung
647 3923 1677 3979 von Proben bis zum 28. Mai cr. der Beklei⸗
645 3974 1225 4022 dungs⸗Kommiſſion einreichen.
691 4018 1309 4070 Potsdam, den 12. Mai 1877.
645 4060 1678 4117 Königliches Kommando des 3. Garde⸗Ulanen⸗
1042 4110 1287 4156 Regiments.
642 4260 769 4311 [4349]
825 4250 1506 4305 Verbeſſerung der Waſſerſtraße
925 4299 1403 4345 Pinnow⸗Hennigsdorf.
691 4343 1683 4396 In unſerer Bekanntmachung vom 7. d. Mts. über
647 4389 1681 4436 den öffentlichen Verding von Arbeiten zur Ver⸗
648 4433 1682 4487 längerung des Oranienburger Kanals iſt die Maſſe
648 4478 1682 4528 der Erd⸗ und Bagger⸗Arbeiten aus einem Verſehen
650 4524 1687 4576 zu 1,666,000 Kubikmeter angegeben, während dieſe
651 4570 1684 4616 Maſſe in Wirklichkeit nur 166,600 Kubikmeter
650 4623 796 4666 beträgt.
698 4662 1313 4713 Potsdam, den 15. Mai 1877.
934 4707 1416 4754 Königliche Regierung,
897 4753 1458 4798 Abtheilung des Innern.
1015 4799 1329 4843 von Düesberg.
651 4945 781 4996 [4435]
985 4943 1370 4987 Bekanntmachung.
699 4988 1693 5036 Die Lieferung des Jahresbedarfs an Portland⸗
654 5033 1697 5080 Cement ſoll in öffentlicher Submiſſion vergeben
653 5086 793 5121 werden.
706 5125 1242 5170 Der Termin hierzu iſt auf
815 5168 1542 5213 Mittwoch, den 30. Mai a. cr.,
953 5213 1410 5261 Vormittags 10 Uhr,
659 5257 1693 5305 in meinem Geſchäftszimmer anberaumt. Die Offer⸗
656 5303 1695 5353 ten ſind vor Beginn des Termins einzureichen. Die
657 5348 1700 5395 Lieferungs⸗Bedingungen liegen vorher zur Einſicht
658 5394 1695 5440 aus und werden, gegen Erſtattung der Kopialien,
656 5440 1228 5484 auch abſchriftlich mitgetheilt.
706 5485 1444 5531 Neufahrwaſſer, den 16. Mai 1877.
889 5529 1467 5576 Der Hafen⸗Bau⸗Inſpektor.
1027 5574 1330 5617 Fr. Schwabe.
652 5724 787 5772 [4364]
951 5720 1386 5763 Königliche Oſtbahn.
705 5764 1693 5808 Die Maurerarbeiten zu den Brücken und Durch⸗
658 5809 1692 5857 läſſen in der VIII. Bauſtrecke der Bahnlinie Neu⸗
659 5853 1694 5904 ſtettin⸗Rügenwalde⸗Stolpmünde ſollen in 4 Looſen
658 5899 1693 5950 verdungen werden, im Ganzen mit 9067 Kbm.
661 5942 1696 5993 Fundamentaushub, 8248 Kbm. Feldſteinmauerwerk
662 5987 1696 6036 und 740 Kbm. Gewölbemauerwerk; desgleichen die
664 6031 1697 6083 Anlieferung von 455 Kbm. gelöſchtem Kalk. Sub⸗
667 6076 1697 6126 miſſionstermin am Dienſtag, den 29. Mai 1877,
667 6120 1699 6173 Vormittags 11 Uhr, bis zu welchem Offerten
669 6167 1700 6215 mit der Aufſchrift: „Offerte auf Maurerarbeiten
670 6211 1699 6260 und Lieferung von Kalk“ verſiegelt und portofrei
670 6257 1697 6305 hierher einzureichen ſind. Dieſelben können auf 1
671 6304 1317 6350 oder mehrere Looſe gerichtet ſein.
718 6345 1698 6393 Die Zeichnungen, ſowie Bedingungen mit Sub⸗
669 6391 1698 6438 miſſionsformular liegen im Baubureau Hierſelbſt
1727 3341 2764 3391 aus und können letztere gegen 1 ℳ pro Exemplar
1728 3392 2032 3435 bezogen werden.
1776 3433 2639 3477 Rummelsburg i. P., den 13. Mai 1877.
1969 3478 2524 3521 Der Strecken⸗Baumeiſter.
2136 3524 2356 3570 Caspary.
1775 3636 2766 3684 Auslooſung von Rentenbriefen. Bei der am
1730 3682 2766 3729 heutigen Tage ſtattgefundenen Auslooſung von
1727 3721 2765 3771 Rentenbriefen der Provinz Weſtfalen und der Rhein⸗
1728 3772 2763 3818 provinz für das Halbjahr 1. April bis 30. Septem⸗
1727 3819 2765 3869 ber 1877 ſind folgende Apoints gezogen worden:
1728 3863 2764 3911 1) Litt. A. à 3000 ℳ (1000 Thlr.). Nr. 303
1728 3908 2766 3949 392 580 614 669 679 767 845 985 1035 1079
1726 3953 2766 3998 1130 1169 1298 1762 2726 2794 2819
1726 3999 2769 4040 2995 3115 3118 3159 3175 3191 3319
1729 4044 2766 4085 3374 3536 3730 3803 3866 3978 4337
1730 4089 2767 4132 4388 4440 4460 4469 4490 4750 4762 5143 5235
1733 4136 2768 4180 5452 5532 5757 5859 5901. 2) Litt. B.
1733 4180 2769 4227 à 1500 ℳ (500 Thlr.). Nr. 193 534 548 746
1733 4225 2770 4265 898 1044 1071 1242 1356 1610 1623 1715 1766
1734 4268 2774 4317 1811 1834 1980 2224. 3) Litt. C. à 300 ℳ
1734 4312 2772 4365 (100 Thlr.). Nr. 192 396 437 465 555 635 643
1734 4361 2772 4401 798 906 1083 1084 1157 1369 1394 1417 1466
1736 4407 2775 4446 1471 1553 1749 1755 1911 2090 2144 2162 2177
1733 4451 2774 4492 2315 2331 2519 2602 2730 2767 2829 2930 2954
1734 4496 2775 4538 3099 3377 3480 3635 3740 3846 4104 4136 4617
1732 4540 2774 4584 4808 4858 5006 5027 5324 5707 5913 5968 5969
1733 4588 2777 4627 6030 6108 6314 6341 6396 6934 7064 7093 7179
1733 4633 2774 4673 7302 7415 7477 7504 7648 7866 7997 7999 8121 8164
1735 4678 2774 4720 8587 8705 8821 8876 8967 9060 9100 9284 9436
1736 4724 2774 4764 9786 9859 9931 9949 10262 10466 10487 10593
1739 4768 2774 4808 10641 10670 10924 10964 11496 11557 11621
1739 4815 2775 4860 11700 11810 11885 12015 12181. 4) Litt. D.
1739 4859 2774 4906 à 75 ℳ (25 Thlr.). Nr. 248 333 662 719
1738 4903 2775 4944 771 780 803 853 896 943 1222 1296 1422
1737 4949 2775 4988 1436 1538 1549 1624 1643 1725 1753 1909 2302
1738 4995 2776 5035 2391 2456 2522 2542 2765 2807 2844
1740 5039 2778 5079 2897 3023 3065 3089 3090 3110 3115 3158 3248
1738 5085 2777 5127 3401 3659 3774 3838 3859 4090 4112 4512 4545
1742 5129 2778 5171 4546 4552 4794 4870 4877 5138 5252 5467 5552
1741 5175 2777 5216 5641 5764 5961 6374 6545 6640 6772 6885 7265
1744 5220 2774 5260 7612 7627 8146 8151 8190 8192 8449 8542 8661
1745 5265 2778 5304 8675 8733 8831 8885 8948 9149 9185 9521 9563
1744 5310 2773 5348 9647 9834 9842 10057 10094 10114 10122 10271
1748 5355 2775 5401 10279 10465 10552. Die ausgelooſten Rentenbriefe,
1745 5396 2778 5446 deren Verzinſung vom 1. Oktober 1877 ab aufhört,
1744 5446 2777 5491 werden den Inhabern derſelben mit der Aufforderung ge⸗
1743 5486 2778 5535 kündigt, den Kapitalbetrag gegen Quittung und Rückgabe
1743 5536 2778 5582 der Rentenbriefe im coursfähigen Zuſtande mit den
1743 5577 2778 5626 dazu gehörigen nicht mehr zahlbar n Zinscoupons
1745 5626 2778 5667 Serie IV. Nr. 7 bis 16 und Talons vom 1. Okto⸗
1743 5670 2779 5720 ber d. J. ab bei der Rentenbank⸗Kaſſe hierſelbſt
1745 5716 2779 5763 in den Vormittagsſtunden von 9 bis 12 Uhr in
1744 5761 2778 5809 Empfang zu nehmen. Auswärts wohnenden In⸗
1743 5806 2778 5852 habern der gekündigten Rentenbriefe iſt es geſtattet,
1742 5851 2778 5898 dieſ lben mit der Poſt, aber frankirt und unter Bei⸗
1742 5897 2778 5944 fügung einer gehörigen Quittung über den Empfang
1742 5941 2779 5989 der Valuta, der gedachten Kaſſe einzuſenden und die
1744 5985 2777 6032 Ueberſendung des Geldbetrages auf gleichem
1745 6032 2776 6078 Wege, jedoch auf Gefahr und Koſten des
1746 6076 2775 6118 Empfängers, zu beantragen. Auch werden die
1746 6121 2789 6166 Inhaber der folgenden in früheren Terminen⸗
1748 6166 2775 6212 bereits ausgelooſten, aber noch nicht reali⸗
1746 6205 2775 6256 ſirten Rentenbriefe, und zwar aus den Fälligkeits⸗
1747 6252 2778 6297 terminen: a. 1. Oktober 1867: Litt. C. Nr. 11475;
1746 6298 2775 6344 b. 1. April 1870: Litt. D. Nr. 4237; c. 1. April
1748 6344 2774 6385 1872: Litt. B. Nr. 1456; d. 1. Oktober 1873:
1743 6387 2772 6437 Litt. C. Nr. 6354, Litt. D. Nr. 982 1426; e.
2815 3337 3852 3385 1. April 1875: Litt. A. Nr. 3572, Litt. C. Nr.
2811 3383 3858 3431 3837 8244 8270 8657 9850 10687, Litt. D.
2813 3428 3852 3470 Nr. 408 2867 2953 4034 4043 4267 4933
2815 3473 3854 3516 6454 8642 10006, Litt. E. Nr. 13608 13609;
2814 3518 3854 3561 f. 1. Oktober 1875: Litt. A. Nr. 2664 2917,
2814 3563 3855 3604 Litt. B. Nr. 262, Litt. C. Nr. 2199 3794 5302
2815 3609 3854 3649 5524 6008 6583 9209 10402 11465 11899 11946,
2817 3655 3855 3698 Litt. D. Nr. 520 2327 2513 3281 3504 3508 5434
2814 3699 3852 3739 5894 5968 6108 6436 7797 8635 8713 8722 9637
2812 3744 3851 3792 9789 10743; g. 1. April 1876: Litt. A.
2814 3790 3852 3832 Nr. 140 5937 5950, Litt. B. Nr. 2196 2293,
2814 3830 3854 3874 Litt. C. Nr. 142 368 2343 3036 4006 4098 9820
2817 3881 3850 3928 12053, Litt. D. Nr. 1163 3225 4598 4721
2815 3926 3852 3966 5620 5784 5857 6455 7440 7470 8299 8667
2812 3972 3853 4022 9727; h. 1. Oktober 1876: Litt. A.
2816 4018 3854 4059 Nr. 65 299 3587 3679 4280, Litt. B.
2817 4063 3855 4107 Nr. 38 1227, Litt. C. Nr. 1573 2183 2622 3016
2818 4109 3857 4150 3458 3701 4184 4710 4711 5954 6087 6131 6294
2819 4153 3856 4193 6537 6716 6832 7117 8893 8956 10401 11887
2821 4199 3857 4244 11945, Litt. D. Nr. 41 913 1427 1628 1644 2849
2819 4244 3858 4284 2884 4019 5055 5200 5482 5634 6294 6660 6728
2820 4290 3858 4334 7516 8017 8953 8976 9929 9948; i. 1. April 1877:
2820 4335 3858 4376 Litt. A. Nr. 119 1502 3157 3420 3832 4088 4096
2821 4380 3856 4426 5773, Litt. B. Nr. 782 1031, Litt. C. Nr. 575 681
2821 4426 3858 4465 832 2062 2214 2311 3231 3524 3747 3954 4922
2820 4471 3860 4512 4923 6198 6351 7379 7462 7500 7955 8590 9926
2823 4516 3861 4556 11068 11701 11820 12699, Litt. D. Nr. 596
2823 4562 3858 4600 670 710 2228 2299 2371 2836 2915 2981
2822 4607 3859 4646 3166 3314 3679 4203 4704 5234 5444 6206 6493
2823 4652 3862 4691 6932 7586 7669 9040 9176 9290 9577 9592 9709
2825 4697 3862 4743 10822 hierdurch erinnert, dieſelben unſerer Kaſſe zur
2823 4743 3861 4790 Zahlung der Valuta zu präſentiren. Schließlich
2825 4788 3863 4833 machen wir darauf aufmerkſam, daß die Nummern
2824 4833 3862 4881 aller gekündigten reſp. noch rückſtändigen Renten⸗
2824 4879 3862 4926 briefe durch die Seitens der Redaktion des Deut⸗
2825 4924 3864 4969 ſchen Reichs⸗ und Königlichen Preußiſchen
2826 4969 3864 5016 Staats⸗Anzeigers herausgegebene Allgemeine Ver⸗
2826 5014 3865 5060 looſungs⸗Tabelle ſowohl im Monat Mai als
2826 5059 3865 5105 auch im Monat November jeden Jahres veröffent⸗
2827 5105 3866 5151 licht werden, und daß das betreffende Stück dieſer
2827 5150 3864 5197 Tabelle bei der gedachten Redaktion zum Preiſe von
2826 5195 3868 5241 25 ₰ bezogen werden kann. Münſter, den
2828 5240 3869 5287 15. Mai 1877. Königliche Direktion der
2827 5279 3874 5328 Rentenbank für die Provinz Weſtfalen, die
2827 5330 3868 5379 Rheinprovinz und die Provinz Heſſen⸗Naſſau.
2826 5484 2946 5535 [4426]
2828 5433 3871 5490 Auslooſung und Kündigung Stadtkölniſcher
3196 5483 3502 5533 Obligationen.
2872 5529 3870 5578 Nachſtehend bezeichnete Obligationen ſind heute
2827 5580 3202 5624 ausgelooſt worden:
2860 5619 3836 5668 Anleihe von 6 Million Mark für die Gas⸗
2954 5665 3741 5713 und Waſſerwerke vom Jahr 1875.
2873 5704 3868 5753 Nr. 248 304 320 330 387 516 517 600 647 702
2828 5751 3867 5798 1041 1070 1097 1113 1130 1149 1171 1176 1318
2830 5793 3862 5844 1331 1444 1455 1479 1486 1491 1597 1805 1821
2830 5844 3866 5886 1847 2015 2093 2097 2112 2140 2167 2265 2335
2827 5889 3865 5931 2339 2509 2575 2582 2802 2866 2876 2885 2917
2826 5934 3862 5976 3004 3111 3178 3258 3404 3481 3524 3557 3581
2826 5979 3626 6022 3594 3738 3740 3795 3799 3864 3899.
2871 6023 3863 6072 Die Einlöſung erfolgt am 1. Oktober 1877
2824 6069 3860 6120 gegen Rückgabe der Obligationen, der Talons und
2823 6112 3859 6159 der noch nicht erfallenen Zinscoupons. Den In⸗
2824 6160 3860 6207 habern der Obligationen werden die betreffenden
2822 6202 3859 6251 Kapitalbeträge zum 1. Oktober 1877 gekündigt und
2822 6248 3861 6296 eine Verzinſung über den Verfalltag hinaus findet
2819 6298 3031 6344 nicht ſtatt.
2867 6339 3859 6384 Die nachfolgend verzeichneten, bei früheren Zie⸗
2822 6383 3860 6432 hungen ausgelooſten Obligationen, ſind ungeachtet
3902 3333 4909 3379 wiederholter Bekanntmachung noch nicht eingelöſt.
3951 3379 4952 3422 Dieſelben werden nicht mehr verzinſt und bei der
3904 3424 4947 3469 Einlöſung an ihrem Nennwerth um den Betrag der
3904 3462 4946 3512 nicht mit eingereichten Coupons für die Zeit nach
3903 3515 4817 3559 dem Verfalltage des Kapitals gekürzt werden.
3941 3561 4918 3605 Anleihe von 6 Million Mark für die Gas⸗
4029 3605 4806 3648 und Waſſerwerke vom Jahr 1875.
3955 3650 4948 3688 Nr. 347 556 579 703 745 1738 1889 2147 2195
3903 3695 4947 3733 2220 2228 2236 2250 2274 2279 3003 3007 3045
3902 3742 4346 3778 3432 3564 3587 3590.
3951 3786 4456 3828 Cöln, den 8. Mai 1877.
4086 3832 4765 3878 Das Ober⸗Bürgermeiſter⸗Amt.
3894 3954 4023 4007 [4451]
3904 4003 4950 4065 Aktien⸗Geſellſchaft für Eiſen⸗
3904 4070 4952 4136 Induſtrie und Brückenbau, vor⸗
3905 4140 4952 4204 mals J. C. Harkort in Duisburg.
3955 4207 4951 4253 Die ſtimmberechtigten Aktionäre unſerer Geſell⸗
3907 4252 4954 4299 ſchaft werden hierdurch zur fünften ordentlichen
3908 4296 4953 4363 Generalverſammlung auf Montag, den
3908 4367 4953 4433 25. Juni d. J., Vormittags
3910 4435 4955 4499 11 Uhr, in unſerem Bureau⸗
3911 4502 4953 4571 gebäude zu Duisburg⸗Hochfeld
3911 4573 4116 4618 eingeladen.
4280 4616 4570 4660 Tagesordnung:
3947 4661 4955 4710 1) Entgegennahme des Geſchäftsberichtes, Ge⸗
4007 4706 4955 4752 nehmigung der Jahresrechnung und Bilanz und
4007 4752 4954 4798 Ertheilung der Decharge für Aufſichtsrath und
4006 4799 4193 4840 Vorſtand.
3940 4841 4955 4890 2) Ergänzungswahlen zum Aufſichtsrath nach
4009 4888 4696 4933 Maßgabe des §. 17 der Statuten.
3947 4933 4957 4980 3) Wahl von zwei Rechnungs⸗Reviſoren und eines
4009 4978 4955 5024 Stellvertreters für das laufende Geſchäftsjahr.
3949 5024 4726 5070 4) Abänderung des §. 3 der Statuten.
3964 5069 4955 5115 Nach §. 22 der Statuten ſind zur Theilnahme an
3915 5115 4957 5160 der Generalverſammlung nur Aktionäre berechtigt,
3917 5159 4958 5203 welche mindeſtens fünf Aktien beſitzen. Je fünf
3918 5205 4957 5250 Aktien geben eine Stimme. Mehr als fünfzig
3918 5250 4956 5295 Stimmen darf kein Aktionär in ſich vereinigen.
3918 5295 4958 5341 Diejenigen Aktionäre, welche ſich an der General⸗
3920 5340 4957 5386 verſammlung betheiligen wollen, haben ihre Aktien
3920 5385 4957 5432 nebſt einem doppelten Nummernverzeichniſſe ſpäteſtens
3920 5431 4959 5491 drei Tage vor dem Verſammlungstage, alſo
3920 5497 4960 5563 ſpäteſtens am 22. Juni d. J.,
3919 5566 4957 5613 bei der Direktion zu deponiren, oder innerhalb des
3920 5611 4958 5657 genannten Termins die anderweite Depoſition bei
3919 5656 4957 5701 der Reichsbank oder bei einem dem Aufſichtsrath
3918 5702 4958 5745 konvenirenden Bankhauſe nachzuweiſen. Das Dupli⸗
3917 5746 4959 5792 kat des Verzeichniſſes wird, mit dem Stempel der
3915 5791 4959 5838 Geſellſchaft und einem Vermerk über die Stimmen⸗
3915 5837 4960 5882 zahl des betreffenden Aktionärs verſehen, zurück⸗
3915 5881 4963 5929 gegeben, und dient als Legitimation zum Eintritt
3915 5928 4960 5974 in die Verſammlung. (à Cto. 98/5.)
4229 5969 4636 6017 Der Aufſichtsrath.
3910 6116 4100 6166 Berlin:
4226 6072 4749 6125 Redacteur: F. Prehm.
4140 6165 4813 6216 Verlag der Expedition (Keſſel).
4278 6233 4697 6284 Druck: W. Elsner.
4247 6303 4606 6369 Drei Beilagen
4114 6379 4726 6437 (einſchließlich Börſen⸗Beilage),
6881 392 8065 540 Erſte Beilage
5539 514 9396 758 zum Deutſchen Reichs⸗Anzeiger und Königlich Preußiſchen Staats⸗Anzeiger.
5293 659 5695 750 No. 115.
6944 705 7940 811 Berlin, Freitag, den 18. Mai
9311 767 9616 865 1877.
5341 883 6386 953 Inſerate für den Deutſchen Reichs⸗ u. Kgl. Preuß.
5342 942 6385 1010 Staats⸗Anzeiger, das Central⸗Handelsregiſter und das
5341 999 6385 1064 Poſtblatt nimmt an: die Königliche Expedition
5381 1056 6342 1121 des Deutſchen Reichs-Anzeigers und Königlich
5550 1118 6170 1178 Preußiſchen Staats-Anzeigers:
5422 1171 6297 1231 Berlin, S. W. Wilhelm⸗Straße Nr. 32.
6607 834 8284 1051 Oeffentlicher Anzeiger.
6543 1017 7383 1073 1. Steckbriefe und Untersuchungs-Sachen.
6542 1061 7403 1125 2. Subhastationen, Aufgebote, Vorladungen
6634 1109 6797 1153 u. dergl.
6539 1152 7430 1210 3. Verkäufe, Verpachtungen, Submissionen etc.
6537 1195 7418 1261 4. Verloosung, Amortisation, Zinszahlung
6629 1249 7325 1301 u. s. w. von öffentlichen Papieren.
7480 1034 8341 1107 5. Industrielle Etablissements, Fabriken und
7576 1087 7807 1128 Grosshandel
7477 1124 8200 1192 6. Verschiedene Bekanntmachungen.
7478 1172 7978 1231 7. Literarische Anzeigen.
7477 1219 7897 1270 8. Theater-Anzeigen.
7474 1264 7972 1322 9. Familien-Nachrichten.
8032 1231 8338 1286 In der Börsen-
8102 1280 8255 1328 beilage.
8501 971 9542 1043 Inſerate nehmen an: das Central⸗Annoncen⸗
8499 1018 9542 1098 Bureau der deutſchen Zeitungen zu Berlin,
8499 1063 9540 1133 Mohrenſtraße Nr. 45, die Annoncen⸗Expeditionen des
8497 1104 9533 1179 „Invalidendank“, Rudolf Moſſe, Haaſenſtein
8493 1154 9532 1231 & Vogler, G. L. Daube & Co., E. Schlotte,
8491 1199 9530 1275 Büttner & Winter, ſowie alle übrigen größeren
8792 1252 9245 1301 Annoncen⸗Bureaus.
5271 1310 6312 1381 Steckbriefe und Unterſuchungs⸗Sachen.
5321 1380 6315 1439 Steckbrief. Gegen den Schloſſergeſellen Carl
5269 1424 6316 1489 Friedrich Adolf Zillmer iſt die gerichtliche Haft
5273 1472 6314 1524 wegen Diebſtahls in den Akten Litt. Z. No. 76 de
5268 1516 6314 1578 1877 beſchloſſen worden. Die Verhaftung hat nicht
5267 1563 6310 1620 ausgeführt werden können. Es wird erſucht, den⸗
5265 1606 6312 1663 ſelben im Betretungsfalle feſtzunehmen und mit
5268 1652 6308 1709 allen bei ihm ſich vorfindenden Gegenſtänden und
5264 1697 6308 1755 Geldern an die Königliche Stadtvoigtei⸗Direktion
5264 1742 6311 1798 hierſelbſt abzuliefern. Berlin, den 17. Mai 1877.
5259 1788 6305 1847 Königliches Stadtgericht. Abtheilung für Unter⸗
5262 1834 6305 1891 ſuchungsſachen. Kommiſſion II. für Vorunter⸗
5261 1879 6302 1942 ſuchungen. Beſchreibung. Alter: 30 Jahr, geb.
5261 1925 6303 1981 28. Juli 1846; Geburtsort: Kupferhammer bei
5257 1970 6303 2032 Neuſtadt E/W.; Größe: 5 Fuß 3 — 4 Zoll; Haare:
5256 2016 6304 2080 dunkelblond; Augenbrauen: dunkel; Kinn: oval;
5256 2061 6302 2126 Naſe: etwas lang, wenig gebogen; Mund: klein;
5254 2107 6301 2171 Geſichtsbildung: länglich; Geſichtsfarbe: geſund;
5253 2153 6305 2216 Zähne: gut; Geſtalt: kräftig und unterſetzt; Sprache:
5251 2199 5390 2243 deutſch.
5356 2305 6192 2367 Wochen⸗Ausweiſe der deutſchen
5599 2358 5945 2407 Zettelbanken.
5249 2416 5386 2462 [4448]
5567 2417 5965 2473 Wochen⸗Ueberſicht
5732 2468 5797 2513 der
5408 2506 6120 2587 Reichs⸗Bank
5534 2590 5981 2637 vom 15. Mai 1877.
5666 2636 5861 2676 Activa.
5266 2677 6006 2730 1) Metallbeſtand (der Beſtand an
5335 2725 6006 2774 coursfähigem deutſchen Gelde und
5332 2770 6006 2817 an Gold in Barren oder aus⸗
5330 2814 6004 2869 ländiſchen Münzen, das Pfund
5327 2858 5923 2911 fein zu 1392 Mark berechnet)
6117 2692 6179 2737 ℳ
6047 2870 6285 2921 551,042,000
5257 2905 5957 2952 2) Beſtand an Reichskaſſenſcheinen
6071 2921 6282 2959 43,992,000
5255 2945 6002 3008 3) „ an Noten anderer Banken
6095 2963 6286 3010 8,335,000
5257 2997 5749 3048 4) „ an Wechſeln
6046 3007 6283 3055 349,453,000
5252 3040 5969 3097 5) „ an Lombardforderungen
6066 3054 6280 3100 46,192,000
5254 3086 5729 3138 6) „ an Effekten
6088 3099 6282 3147 8,574,000
5251 3132 5910 3186 7) „ an ſonſtigen Activen
6064 3148 6280 3196 30,523,000
5634 3182 5871 3229 Passiva.
5250 3220 5698 3272 8) Das Grundkapital
6044 3237 6282 3282 120,000,000
5249 3268 5669 3318 9) Der Reſervefonds
6064 3280 6275 3331 13,072,000
5224 3312 5994 3371 10) Der Betrag der umlaufenden
5314 3362 5431 3408 Noten
6038 3367 6274 3422 693,407,000
5223 3403 5992 3461 11) Die ſonſtigen täglich fälligen Ver⸗
5313 3450 5568 3500 bindlichkeiten
6036 3464 6271 3510 167,547,000
5218 3496 5993 3552 12) Die an eine Kündigungsfriſt ge⸗
5313 3543 5845 3596 bundenen Verbindlichkeiten
6058 3555 6269 3594 26,491,000
5219 3585 5742 3638 13) Die ſonſtigen Paſſiva
6059 3600 6273 3647 12,081,000
5256 3632 5841 3685 Berlin, den 18. Mai 1877.
5471 3680 6013 3735 Reichsbank⸗Direktorium.
5215 3723 6259 3777 von Dechend. Boeſe. Rotth. Gallen⸗
5259 3767 6218 3821 kamp. Herrmann. Koch. von Koenen.
5212 3857 5341 3906 [4438]
5582 3866 5900 3934 Uebersicht
5702 3946 5763 3980 der
5208 3984 6249 4059 Hannoverschen Bank
5473 4070 5970 4109 vom 15. Mai 1877.
5626 4112 5823 4157 Activa.
5203 4154 5478 4200 Metallbestand
5941 4162 6001 4203 ℳ
6051 4165 6249 4214 3,102,017.
5200 4199 5588 4239 Reichskassenscheine
5958 4230 5981 4259 „
6108 4214 6249 4254 73,840.
5201 4244 5658 4289 Noten anderer Banken
5958 4279 5980 4302 „
6079 4258 6248 4302 212,300.
5201 4288 5356 4332 Wechsel
5954 4324 5977 4349 „
6024 4304 6246 4345 14,457,742.
5198 4334 5608 4380 Lombardforderungen
5955 4365 5976 4393 „
6079 4351 6247 4392 481,444.
5196 4380 5361 4420 Effekten
5951 4411 5971 4439 „
6075 4395 6248 4437 897 009.
5198 4423 5510 4472 Sonstige Activa
5953 4457 5975 4486 „
6045 4438 6244 4488 8,778,888.
5601 4475 5840 4525 Passiva.
5197 4513 5452 4562 Grundkapital
5937 4528 5989 4570 ℳ
6020 4530 6239 4572 12,000,000.
5193 4558 5424 4606 Reservefond
5947 4596 5972 4622 „
6075 4576 6235 4618 749,689.
5192 4606 5560 4651 Umlaufende Noten
5946 4635 5969 4667 „
6038 4621 6236 4663 6,873,260.
5193 4652 5889 4707 Sonstige täglich fällige Verbind-
5237 4698 5426 4743 lichkeiten
5946 4729 5972 4758 „
6038 4712 6235 4754 2,360 879.
5191 4744 5885 4798 An Kündigungsfrist gebundene Ver-
5236 4791 5511 4834 bindlichkeiten
5944 4821 5968 4849 „
6035 4804 6232 4844 5,332,583.
5187 4832 5518 4882 Sonstige Passiva
5940 4867 5963 4894 „
6065 4851 6236 4892 686,829.
5188 4924 5881 4969 Event. Verbindlichkeiten aus weiter
5232 4969 5876 5015 begebenen, im Inlande zahlbaren
5232 5015 5408 5055 Wechseln
5919 5029 5972 5071 ℳ
6063 5031 6228 5072 663,060.
5387 5064 6014 5110 Hannoversche Bank.
5178 5239 5297 5286 [4443]
5299 5160 6107 5248 Braunschweigische Bank.
5367 5241 6062 5300 Stand vom 15. Mai 1877.
5596 5290 5795 5338 Activa.
5171 5329 5466 5367 Metall-Bestand
5849 5343 5899 5383 ℳ
5975 5343 6223 5395 977,498. 60.
5173 5374 5559 5419 Reichskassenscheine
5864 5405 5886 5433 „
5995 5389 6220 5440 77,260. —.
5170 5419 5623 5464 Noten anderer Banken
5863 5453 5886 5478 „
5971 5433 6218 5485 237,700. —.
5168 5465 5502 5510 Wechsel-Bestand
5857 5499 5881 5523 „
5909 5476 6216 5531 13,107,139. 80.
5172 5509 5608 5563 Lombard-Forderungen
5861 5543 5885 5571 „
5934 5520 6215 5574 2,124,552. 35.
5168 5552 5495 5603 Effecten-Bestand
5864 5586 5886 5614 „
6025 5577 6215 5617 — —.
5166 5600 5475 5649 Sonstige Activa
5857 5634 5880 5660 „
5932 5611 6209 5666 7,410,049. 15.
5567 5651 5806 5698 Passiva.
5168 5686 5423 5735 Grundkapital
5841 5704 5888 5737 ℳ
5906 5700 6207 5754 10,500,000. —.
5163 5735 5411 5782 Reservefonds
5855 5763 5879 5792 „
5960 5746 6204 5796 464,648. 55.
5168 5780 5534 5829 Umlaufende Noten
5855 5812 5876 5838 „
5925 5789 6206 5843 3,208,200. —.
5161 5824 5735 5874 Präcludirte 10 Thaler-Noten
5852 5858 5878 5884 „
5985 5841 6205 5888 73,860. —.
5162 5870 5812 5925 Sonstige täglich fällige Verbind-
5205 5917 5396 5960 lichkeiten
5850 5949 5875 5975 „
5922 5930 6203 5972 4,474,750. 25.
5160 5959 5807 6016 An eine Kündigungsfrist gebun-
5206 6006 5665 6060 dene Verbindlichkeiten
5857 6040 5884 6065 „
5921 6020 6201 6061 4,989,600. —.
5157 6049 5489 6101 Sonstige Passiva
5859 6085 5884 6112 „
5960 6067 6201 6108 197,531. 50.
5154 6139 5800 6187 Eventuelle Verbindlichkeiten aus
5200 6186 5801 6233 weiter begebenen, im Inlande
5197 6232 5596 6280 zahlbaren Wechseln
5844 6246 6199 6296 ℳ 573,251. 25.
5199 6276 6024 6330 Braunschweig, den 15. Mai 1877.
5467 6326 5874 6369 Die Direction.
5384 6369 5954 6419 Bewig. Stübel.
6367 1333 6494 1380 [4439]
6756 1343 7017 1407 Stand
6408 1416 7361 1495 der Badischen Bank
6655 1502 7116 1545 am 15. Mai 1877.
6786 1556 6984 1601 Activa.
6360 1650 6637 1695 Metallbestand
7053 1669 7100 1710 ℳ
7159 1672 7341 1710 5,042,665
7354 1671 7403 1715 21
6359 1696 6747 1738 Reichskassenscheine
7065 1730 7085 1758 „
7206 1714 7347 1759 47,780
7352 1730 7407 1756 —
6359 1742 6812 1789 Noten anderer Banken
7063 1777 7086 1804 „
7211 1764 7341 1800 92,400
7350 1774 7405 1800 —
6362 1782 6667 1832 Wechselbestand
7064 1819 7088 1848 „
7134 1804 7343 1850 12,705,182
7352 1810 7403 1849 42
6357 1831 6794 1883 Lombard-Forderungen
7062 1868 7083 1895 „
7153 1851 7347 1900 1,078,935
7349 1866 7401 1889 —
6357 1873 6516 1919 Effekten
7060 1911 7085 1940 „
7180 1900 7340 1937 202,034
7351 1902 7398 1939 06
6356 1922 6673 1968 Sonstige Activa
7060 1957 7077 1985 „
7152 1938 7337 1987 2 689, 077
7350 1944 7395 1988 33
7045 1996 7093 2039 ℳ
7127 1996 7339 2045 21.858,074
7350 1997 7399 2045 02
6754 2063 6997 2115 Passiva.
6353 2157 7092 2221 Grundcapital ℳ
7148 2180 7334 2227 9,000,000
7347 2191 7393 2218 —
6352 2205 7078 2272 Reservefonds „
7149 2224 7334 2271 1,349,022
7348 2225 7393 2271 87
6354 2252 7074 2314 Umlaufende Noten „
7126 2269 7334 2317 10,419,800
7346 2284 7393 2306 —
6346 2292 7073 2358 Täglich fällige Verbindlichkeiten*) „
7181 2317 7331 2362 837,765
7345 2319 7395 2362 28
6347 2341 7008 2400 An Kündigungsfrist gebundene
6393 2388 7072 2451 Verbindlichkeiten „
7212 2414 7260 2440 —
7342 2416 7388 2443 —
6347 2431 7067 2498 Sonstige Passiva „
7179 2449 7329 2494 251,485
7341 2450 7393 2502 87
7034 2508 7086 2551 ℳ
7119 2506 7328 2556 21,858,074
7342 2511 7388 2556 02
6390 2555 7385 2624 Die zum Incasso gegebenen noch nicht fälligen
6342 2604 7309 2669 deutschen Wechsel betragen ℳ 852,859. 89 ₰.
6387 2691 7381 2760 *) Wovon ℳ 58,011. 44 ₰ in per 1. Oktober
6340 2742 7010 2792 1875 eingerufenen Gulden-Noten.
6335 2844 6467 2891 [4412]
6661 2848 7058 2902 Wochen⸗Ueberſicht
6826 2898 6887 2944 der
6452 2937 7272 3019 Württembergiſchen Notenbank
6642 3022 7086 3067 vom 15. Mai 1877.
6616 3113 6808 3150 Activa.
6325 3170 7067 3230 Metallbeſtand ℳ
6327 3218 7060 3277 Beſtand an Reichskaſſenſcheinen „
6423 3268 7057 3322 „ an Noten anderer Banken „
6422 3313 7055 3369 „ an Wechſeln „
6421 3358 7055 3417 „ an Lombard⸗Forderungen „
6420 3403 7053 3459 „ an Effekten „
6420 3448 7055 3506 „ an ſonſtigen Aktiven „
6576 3518 6813 3569 Passiva.
6317 3576 7058 3640 Das Grundkapital ℳ
6314 3627 7045 3684 Der Reſervefond „
6312 3673 6985 3727 Der Betrag der umlaufenden
6359 3717 7038 3774 Noten „
6311 3760 6981 3817 Die ſonſtigen täglich fälligen Ver⸗
6354 3810 7037 3868 bindlichkeiten „
6309 3851 6978 3907 Die an eine Kündigungsfriſt ge⸗
6354 3900 7035 3955 bundenen Verbindlichkeiten „
6304 3942 7034 4001 Die ſonſtigen Paſſiven „
7127 3187 7311 3237 8,928,066
7184 3236 7311 3281 35,360
7162 3280 7310 3325 530,600
7105 3327 7309 3372 15,751,852
7159 3372 7308 3416 323,100
7181 3418 7310 3463 88,977
7157 3464 7308 3508 485,747
7115 3595 7303 3644 9,000,000
7149 3646 7306 3690 336,860
7090 3730 7296 3777 16,142,300
7142 3819 7293 3867 273,038
7166 3910 7293 3958 71,600
7137 3960 7289 4005 319,904
7323 3192 7368 3237 29
7322 3243 7368 3271 —
7321 3290 7369 3317 —
7323 3329 7367 3373 01
7319 3381 7365 3408 —
7321 3418 7369 3463 46
7319 3467 7366 3509 99
7314 3600 7360 3632 —
7316 3646 7358 3688 62
7308 3731 7353 3767 —
7307 3824 7352 3867 60
7307 3913 7348 3948 —
7304 3958 7346 4003 53
6352 4001 7348 4062 Eventuelle Verbindlichkeiten aus weiterbegebenen,
6306 4046 7263 4106 im Inland zahlbaren Wechſeln ℳ 638,707. 73.
6307 4147 6433 4194 [4417]
6449 4151 7242 4226 Bank für Süddeutschland.
6504 4232 7149 4277 Stand am 15. Mai 1877.
6569 4331 6882 4381 Activa.
7164 4340 7214 4388 ℳ
7297 4345 7338 4396 ₰
6354 4370 6384 4417 I.
6414 4371 6537 4419 Casse:
6438 4423 7036 4470 1) Coursfähiges deutsches Geld
7095 4436 7278 4481 5,952,019
7293 4441 7337 4476 40
6436 4467 6870 4509 2) Reichskassenscheine
7154 4482 7281 4526 75,190
7293 4486 7335 4516 —
6435 4511 7036 4565 3) Noten anderer deutscher
6481 4559 6623 4595 Banken
7149 4568 7278 4616 91,500
7289 4573 7335 4606 —
6499 4615 7028 4659 Gesammter Kassenbestand
7091 4629 7274 4671 6,118,709
7287 4634 7332 4667 40
6331 4654 6379 4699 II.
6406 4656 6836 4708 Bestand an Wechseln
7065 4668 7273 4718 20,573,538
7288 4674 7332 4722 49
6308 4701 6378 4746 III.
6402 4703 6810 4755 Lombardforderungen
7085 4715 7273 4765 2,166,690
7285 4723 7331 4754 —
6311 4747 6374 4790 IV.
6402 4750 6713 4793 Eigene Effecten
7086 4762 7271 4809 6,557,052
7286 4765 7331 4810 42
6332 4791 6375 4835 V.
6400 4796 6622 4840 Immobilien
7119 4810 7272 4855 431,402
7283 4812 7329 4857 53
6311 4835 6377 4884 VI.
6400 4840 6710 4887 Sonstige Activa
7083 4851 7269 4898 2,011,495
7279 4858 7329 4900 20
7060 4910 7272 4956 37,858,888
7279 4917 7332 4958 04
6515 4951 6890 5003 Passiva.
6338 5006 6370 5049 I.
6394 5007 6658 5055 Actiencapital
7054 5020 7266 5069 22,389,000
7275 5022 7324 5058 —
6319 5053 6370 5097 II.
6396 5052 6649 5096 Reservefonds
7078 5068 7265 5115 1,461,121
7276 5070 7323 5115 06
6299 5097 6367 5141 III.
6395 5101 7022 5147 Unkostenfonds und Immobilien-
6439 5148 6847 5188 Amortisations-Fonds
7110 5158 7261 5205 102,163
7275 5165 7326 5200 62
6301 5184 6365 5230 IV.
6390 5190 6860 5242 Mark-Noten in Umlauf
7053 5202 7263 5250 13,187,000
7271 5206 7319 5244 —
6321 5231 6366 5278 V.
6390 5236 7014 5282 Nicht präsentirte Noten in alter
6438 5282 6621 5329 Währung
7108 5292 7255 5340 124,425
7270 5295 7317 5331 —
6306 5321 6362 5365 VI.
6389 5325 6894 5376 Täglich fällige Guthaben
7142 5343 7188 5375 —
7269 5343 7319 5377 —
6283 5368 6360 5412 VII.
6385 5367 7009 5423 An Kündigungsfrist gebundene
6432 5418 6616 5456 Guthaben
7136 5428 7188 5462 —
7266 5428 7315 5465 —
6271 5456 6363 5507 VIII
6384 5462 6701 5509 Diverse Passiva
7100 5478 7258 5521 471,334
7267 5481 7311 5517 28
7042 5541 7254 5590 37,858,888
7263 5548 7314 5593 04
6309 5585 7308 5648 Eventuelle Verbindlichkeiten aus zum Incasso
6259 5629 7306 5689 gegebenen, im Inland zahlbaren Wechseln
6258 5675 6615 5723 ℳ 2,213,279. 31.
6431 5779 7131 5838 Verlooſung, Amortiſation,
6301 5826 7274 5897 Zinszahlung u. ſ. w. von öffentlichen
6653 5883 6900 5934 Papieren.
6305 5936 7300 5999 Aufkündigung von ausgelooſten Renten⸗
6251 5979 7299 6044 briefen der Provinz Schleſien. Bei der heute
6251 6022 7292 6093 in Gemäßheit der Beſtimmungen §§. 41 u. folg.
6252 6067 7297 6138 des Rentenbank⸗Geſetzes vom 2. März 1850 im
6251 6111 7297 6182 Beiſein der Abgeordneten der Provinzial⸗Vertretung
6250 6158 7296 6228 und eines Notars ſtattgehabten Verlooſung der
6252 6205 7290 6266 nach Maßgabe des Tilgungsplans zum 1. Ok⸗
6249 6250 7289 6316 tober 1877 einzulöſenden Rentenbriefe der Pro⸗
6252 6296 7290 6360 vinz Schleſien ſind nachſtehende Nummern, im
6251 6341 7287 6405 Werthe von 632,025 ℳ gezogen worden und zwar:
6253 6382 7287 6451 172 Stück Lit. A. à 3000 ℳ Nr. 142 868
6251 6432 7286 6488 923 1078 1143 1326 1415 1508 1580 1855 1922
7464 1361 8497 1424 1945 1949 2053 2339 2877 3169 3174 3211 3464
7458 1402 8497 1474 3719 3722 3814 3869 4115 4370 4689 4766 4778
7458 1450 8496 1517 4815 4857 5092 5171 5780 5863 6325 6415 6549
7454 1494 8498 1560 6562 6929 7007 7045 7206 7278 7293 7315 7444
7452 1539 8496 1606 7523 7745 8077 8165 8192 8358 8465 8467 8599
7454 1583 8493 1651 8933 9403 9604 9689 9839 10052 10281
7455 1629 8495 1696 10291 10343 10395 10411 10444 10464
7453 1675 8493 1742 10857 11009 11042 11302 11360 11463 11599
7452 1720 8494 1787 11667 12051 12328 12408 12627 12736 12996
7454 1765 8489 1834 13289 13566 13627 13781 13837 13862 13864
7452 1810 8486 1876 13865 14095 14180 14234 14464 14759 14871
7450 1859 8489 1925 14934 15173 15433 15528 15807 15898 15944
7449 1904 8488 1971 16339 16578 16596 17061 17322 17343 17448
7450 1949 8483 2012 17726 17881 18611 18851 19002 19167 19346
7448 1991 8483 2058 19798 20025 20163 20283 20601 20657 20872
7443 2037 8484 2103 21074 21193 21380 21831 21959 22028 22151
7444 2084 8483 2148 22486 22522 22593 22759 22762 22915 22985
7439 2125 8479 2194 23012 23162 23197 23260 23320 23641 24593
7440 2171 8477 2241 24675 25023 25052 25096 25261 25353 25385
7443 2218 8478 2286 25441 25641 25726 25746 25777 25929 26028
7439 2263 8473 2330 26069 26263 26303 26386 26813 26876
7442 2309 8474 2375 26973 27035 27126 27394 27717 27855.
7440 2357 8470 2420 41 Stück Lit. B. à 1500 ℳ Nr. 130 135 248
7438 2402 8469 2465 297 423 579 662 723 921 925 1050 1154 1587
7439 2448 8470 2511 1692 1731 2004 2445 2781 3047 3512 3797 4273
7436 2493 8471 2557 4612 4858 4888 4930 4941 5188 5197 5419
7436 2539 8465 2601 5500 5609 5614 5665 5869 6129 6239 6435 6467
7435 2583 8465 2648 6547 6624. 152 Stück Lit. C. à 300 ℳ Nr.
7433 2628 8467 2692 246 392 470 493 538 935 1169 1194 1216
7435 2676 8465 2740 1392 1515 2038 2046 2085 2176 2309 2422 2821
7431 2719 8469 2785 2827 2831 2863 2891 2972 3219 3484 3622 3636
7432 2766 8465 2830 3756 3768 3956 3985 4132 4138 4426 4613 4810
7428 2812 8468 2875 4967 5162 5272 5699 5795 6017 6108 6240 6428
7429 2855 8468 2917 6474 6476 6652 6911 7142 8396 8564 8629 8919
7428 2900 8460 2963 9049 9257 9452 9476 9721 9768 9893 10156 10547
7428 2945 8464 3013 10775 10801 10822 10911 10935 10941 11278
7428 2991 8462 3054 11342 11586 11639 12014 12169 12305 12613
7425 3036 8457 3099 12777 12894 13298 13524 13578 13778 13815
7424 3085 8454 3143 14432 14539 14640 14823 14955 15091 15374
7421 3130 8453 3189 15546 16317 16419 16658 16678 16681 16699
7422 3175 8450 3234 16761 17028 17065 17164 17238 17342 17352
7421 3217 8450 3282 17354 17480 17553 17588 17705 18189 18305
7420 3263 8450 3325 18361 18382 18440 18617 19272 19434 19674
7418 3310 8453 3372 19765 19865 20010 20051 20108 20278 20529
7416 3352 8449 3415 20703 20819 20837 21046 21221 21265 21434
7411 3399 8448 3460 21507 21516 21713 21772 21818 21843 22009 22042
7411 3444 8450 3505 22143 22226 22520 22650 22878 23066 23224 23322
7416 3493 8444 3552 23600 23742 23972. 119 Stück Lit. D. à 75 ℳ
7412 3537 8444 3597 Nr. 197 328 481 760 828 1163 1291 1457 1526
7412 3583 8448 3644 1916 1968 2134 2419 2696 2725 2768 2973 3047
7408 3629 8444 3687 3110 3334 3478 3615 3706 3727 3878 3950 4000
7406 3674 8443 3735 4020 4109 4217 4331 4384 4571 4698 4866 4892
7403 3718 8440 3781 4929 5019 5385 5445 5618 5664 5667 5883 6044
7404 3757 8436 3825 6266 6337 6439 6603 6611 6753 7354 7595 7653
7403 3805 8437 3871 7691 7881 7921 7974 8145 8727 8982 9124 9179
7398 3848 8436 3915 9210 9394 9474 9632 9701 9923 10128 10260
7400 3895 8429 3958 10401 10434 10587 10794 10859 11092 11396
7398 3942 8428 4002 11434 11529 11535 11633 11701 11702
7397 3986 8428 4057 12380 13201 13255 13308 13620 14265
7395 4031 8427 4094 14368 14452 14507 14598 14707 14781 15138
7395 4078 8428 4138 15167 15282 15404 15652 15730 15819 15894
7396 4125 8426 4184 16713 16805 16945 16975 17278 17324 17448
7399 4169 8427 4229 17626 18026 18075 18184 18264 18348 18484
7394 4214 8425 4276 18737. Indem wir die vorſtehend bezeichneten Ren⸗
7392 4262 8424 4329 tenbriefe zum 1. Oktober 1877 hiermit kündigen,
7391 4310 8423 4368 werden die Inhaber derſelben aufgefordert, den
7387 4351 8422 4419 Nennwerth gegen Zurücklieferung der Rentenbriefe
7388 4398 8420 4455 nebſt den dazu gehörigen Zins⸗Coupons Serie IV.
7387 4444 8418 4506 Nr. 7 bis 16 nebſt Talons ſowie gegen Quit⸗
7385 4491 8417 4555 tung in term. den 1. Oktober 1877 und die folgen⸗
7383 4534 8417 4600 den Tage, mit Ausſchluß der Sonn⸗ und Feſt⸗
7381 4580 8422 4641 tage bei unſerer Kaſſe — Sandſtraße Nr. 10 hier⸗
7380 4621 8414 4690 ſelbſt — in den Vormittagsſtunden von 9 bis 1 Uhr
7380 4671 8414 4735 baar in Empfang zu nehmen. Die Empfangnahme
7378 4717 8418 4779 der Valuta kann, nach Maßgabe der Beſtände un⸗
7377 4762 8411 4820 ſerer Kaſſe, auch ſchon früher und zwar ſchon von
8545 1393 9592 1465 jetzt ab geſchehen, in dieſem Falle jedoch nur mit
8544 1437 9592 1510 Gewährung der Zinſen bis zum Zahlungstage der
8543 1480 9591 1552 Valuta, worauf die Inhaber der verlooſten Rentenbriefe
8543 1525 9586 1599 hiermit beſonders aufmerkſam gemacht werden. Bei
8540 1573 9585 1651 der Präſentation mehrerer Rentenbriefe zugleich ſind
8540 1615 9584 1693 ſolche nach den verſchiedenen Apoints und nach der
8538 1662 9575 1737 Nummerfolge geordnet, mit einem beſonderen
8536 1707 9574 1784 Verzeichniß vorzulegen. Auch iſt es bis auf
8536 1752 9576 1830 Weiteres geſtattet, die Rentenbriefe unſrer
8534 1797 9571 1871 Kaſſe mit der Poſt, jedoch frankirt und
8533 1848 9570 1924 unter Beifügung einer gehörigen Quittung
8533 1890 9567 1961 auf beſonderem Blatte über den Empfang der Valuta
8531 1933 9571 2012 einzuſenden und die Ueberſendung der letzteren auf
8530 1979 9567 2051 gleichem Wege, natürlich auf Gefahr und Koſten
8524 2026 9571 2100 des Empfängers zu beantragen Vom 1. Oktober
8530 2070 9571 2142 1877 ab findet eine weitere Verzinſung der hiermit
8527 2115 9565 2187 gekündigten Rentenbriefe nicht ſtatt und der Werth
8526 2160 9564 2237 der etwa nicht mit eingelieferten Coupons Serie IV.
8525 2205 9562 2276 Nr. 7 bis 16 wird bei der Auszahlung vom Nenn⸗
8523 2252 9557 2329 werthe der Rentenbriefe in Abzug gebracht.
8521 2296 9556 2369 Zugleich wird hiermit bekannt gemacht, daß von den
8521 2342 9553 2413 früher verlooſten Rentenbriefen der Provinz Schle⸗
8519 2387 9553 2458 ſien, ſeit deren Fälligkeit bereits zwei Jahre und
8518 2434 9550 2505 darüber verfloſſen, folgende zur Einlöſung bei der
8516 2477 9549 2552 Rentenbank⸗Kaſſe noch nicht präſentirt worden ſind
8516 2524 9547 2594 und zwar aus den Fälligkeits⸗Terminen: a. den
8515 2568 9547 2639 1. April 1870: Lit. D. Nr. 5861 à 75 ℳ b. den
8514 2614 9548 2682 1. Oktober 1872: Lit. D. Nr. 9202 à 75 ℳ
8513 2664 9549 2726 c. den 1. April 1873: Lit. C. Nr. 14208 18264
8513 2704 9545 2772 à 300 ℳ, d. den 1. Oktober 1873: Lit. D.
8513 2745 9543 2818 Nr. 3876 à 75 ℳ, e. den 1. April 1874: Lit. D.
8513 2794 9543 2864 Nr. 638 10443 à 75 ℳ, f. den 1. Oktober 1874:
8511 2840 9543 2911 Lit. E. Nr. 20594 21254 21341 à 30 ℳ, g. den
8511 2885 9544 2952 1. April 1875: Lit. A. Nr. 2017 2849 6672
8512 2930 9541 2997 7142 8349 10026 10890 11589 13206 16615
8512 2976 9537 3042 16905 20690 23798 25174 à 3000 ℳ Lit. B.
8508 3020 9534 3088 Nr. 121 2172 2268 4115 4467 4560 5225 à 1500 ℳ
8506 3067 9536 3132 Lit. C. Nr. 1469 1692 1768 4142 4710 6186 6995
8506 3111 9532 3177 7698 9181 9644 10726 12789 13441 13666 13869
8504 3158 9531 3223 16584 17214 17328 17556 18326 18730 18884
8503 3202 9527 3269 19636 20770 21428 21460 22039 à 300 ℳ Lit. D.
8499 3246 9530 3313 Nr. 1337 2529 2756 3705 3796 4099 7077 9231
8499 3293 9528 3359 9823 11757 12797 14701 15841 16423 à 75 ℳ.
8500 3337 9529 3404 Die Schleſiſchen Rentenbriefe Lit. E. à 30 ℳ von
8498 3382 9526 3454 Nr. 1 bis einſchließlich Nr. 21632 ſind ſämmtlich
8499 3430 9528 3499 ausgelooſt und, ſoweit dies noch nicht geſchehen, zur
8497 3472 9524 3539 Einlöſung zu präſentiren. Die ausgelooſten Ren⸗
8496 3518 9529 3586 tenbriefe verjähren nach §. 44 des Rentenbank⸗Ge⸗
8495 3563 9525 3635 ſetzes vom 2. März 1850 binnen zehn Jahren.
8491 3607 9522 3680 Hierbei wird zugleich darauf aufmerkſam gemacht,
8491 3654 9524 3729 daß die die Liſte aller gekündigten reſp. noch rückſtän⸗
8488 3699 9518 3773 digen Rentenbriefe enthaltende Nummer der allge⸗
8486 3744 9518 3811 meinen Verlooſungs⸗Tabelle von der Redaktion des
8483 3788 9513 3865 Deutſchen Reichs⸗ und Königlich Preußiſchen
8481 3832 9513 3903 Staats⸗Anzeigers für 25 ₰ jederzeit bezogen werden
8479 3877 9509 3953 kann, Breslau, den 16. Mai 1877. Königliche
8479 3924 9508 4002 Direktion der Rentenbank für die Provinz
8480 3969 8681 4014 Schleſien.
8477 4084 8601 4129 [4410]
8670 4086 9330 4178 Rumäniſche Eiſenbahnen
8744 4168 9261 4253 Actien⸗Geſellſchaft.
8521 4243 9505 4317 Die Einlöſung des am 1. Juni d. J. fälligen
8473 4286 9508 4362 Zinscoupons Nr. 2 unſerer 6 %igen Schuldver⸗
8473 4333 9371 4403 ſchreibungen erfolgt vom 1. Juni d. J. ab
8517 4378 9233 4442 in unſerem Bureau, Charlotten⸗
8560 4424 8871 4471 ſtraße Nr. 35a.
8605 4472 8861 4523 außerdem bei
8513 4515 9233 4578 der Direction der Disconto⸗
8559 4561 8898 4613 Geſellſchaft und
8509 4603 8969 4658 Herrn S. Bleichröder
9299 4514 9500 4570 in Berlin.
8509 4648 9502 4725 Den einzuliefernden Coupons iſt ein Nummern⸗
8463 4695 8888 4749 verzeichniß beizugeben.
8507 4742 9078 4801 Berlin, den 17. Mai 1877.
8817 4795 9134 4843 Der Vorſtand.
7369 4910 7495 4954 [4437]
7517 4912 9322 5043 Deutsche Hypothekenbank
8167 5043 8696 5111 (Actien-Gesellschaft).
7574 5092 9485 5187 Bei der am 11. December 1876 in Gegenwart eines Notars stattgefundenen Verloosung
7368 5138 8598 5205 unserer 5 pCt. Pfandbriefe sind folgende Nummern gezogen:
7368 5182 8381 5239 Serie III. Litt. A. No. 146 über 3000 Mark.
7367 5227 9489 5324 Serie III. Litt. B. No. 338. 375. 468. 1199. 1230. 1282. 1393. 1680. 1930. 1958. 2092. 2170. 2250.
7852 5280 8499 5330 2442. 2490 über 600 Mark.
7365 5317 9481 5409 Serie III. Litt. C. No. 263. 383. 820. 858. 1113. 1199. 1248. 1345. 1520. 1544. 1807. 1885. 2007
7848 5374 8251 5415 über 300 Mark.
7365 5407 8528 5466 Serie III. Litt. D. No. 56. 107. 156 über 200 Mark.
7362 5451 8474 5510 Serie V. Litt. A. No. 198. 240 über 3000 Mark.
7359 5495 8672 5558 Serie V. Litt. B. No. 404. 755. 791. 983 über 1500 Mark.
7361 5544 9463 5629 Serie V. Litt. C. No. 75. 190. 677. 853. 946. 1024. 1063. 1165. 1951. 2131. 2296. 2462. 2464. 2560.
7842 5597 8999 5671 2656. 2729. 2839. 2875. 3285. 3564 über 600 Mark.
7358 5629 9463 5717 Serie V. Litt. D. No. 297. 306. 308. 551. 720. 754. 941. 1062. 1177. 1686. 1688. 1895. 2120. 2189.
7841 5688 9375 5756 2382. 2430. 3058. 3514. 3528. 3679. 3700. 3797. 3931 über 300 Mark.
7354 5720 8539 5783 Serie V. Litt. E. No. 186. 257. 294 über 200 Mark.
7558 5769 9462 5855 Die Einlösung der gezogenen Pfandbriefe erfolgt vom 1. Juli 1877 ab, gegen Rückgabe
7354 5813 9466 5903 der Stücke nebst den Talons und den noch nicht fälligen Coupons, pari an unserer Gesell-
7352 5858 8468 5915 schaftscasse, Unter den Linden No. 33.
7487 5909 9315 6004 Mit dem 1. Juli 1877 hört die Verzinsung auf.
7553 5973 9468 6052 Von den in den früheren Ausloosungen gezogenen Pfandbriefen sind, der abgelaufenen Rück-
7346 6016 8431 6075 lieferungstermine ungeachtet, bisher folgende Stücke:
7344 6057 8433 6124 Serie II. Litt. B. No. 132. 1000 über 600 Mark
7342 6101 8641 6178 Serie II. Litt. C. No. 208. 669. 955. 1196 über 300 Mark
7343 6152 8439 6218 Serie III. Litt. B. No. 954. 1870 über 600 Mark
7344 6198 8296 6260 Serie III. Litt. D. No. 60 über 200 Mark
8835 6088 9131 6140 gekündigt
8721 6131 9246 6190 zum 1. April 1876.
8510 6195 9312 6262 gekündigt zum 1. Juli 1876.
7342 6237 9146 6323 Serie V. Litt. C. No. 439 über 600 Mark, gekündigt zum 1. Juli 1876.
7339 6287 7967 6336 noch nicht eingeliefert worden.
7544 6332 8141 6388 BERLIN, den 17. Mai 1877.
8681 6396 9350 6496 Die Direction.
