10152 6984
841 397 2127 462 Großbritannien und Irland. London, 20. Ok⸗
727 454 2126 514 tober. (W. T. B.) Geſtern fand in Birmingham
733 507 2125 566 anläßlich des Beſuches des Schatzkanzlers Northcote,
730 558 2124 614 welcher mit großem Enthuſiasmus empfangen wurde, eine
734 603 2124 676 ſehr zahlreich beſuchte Verſammlung ſtatt. Northcote
732 659 2123 726 hielt eine längere Rede, in welcher er die innere
735 709 2122 769 Lage des Landes und ſodann auch die auswärtigen Angelegen⸗
741 761 2122 827 heiten erörterte. Northcote erklärte, er wolle nicht leugnen,
740 812 2121 872 daß die Vermehrung der Ausgaben der Regierung große
740 859 2120 922 Sorge mache, man dürfe aber nicht vergeſſen, daß dieſe Ver⸗
739 915 2118 969 mehrung bis zu einem gewiſſen Punkte auf die legislativen
739 965 2120 1025 Maßregeln der Vorgänger der jetzigen Regierungsmitglieder
737 1018 2118 1075 zurückzuführen ſei. Der Export, ſowie der Import hätten ſich
732 1069 2117 1124 während der letzten 22 Jahre verdoppelt; das Land könne
737 1121 2116 1176 alſo eine hierzu im Verhältniß ſtehende Vermehrung der Aus⸗
734 1172 2116 1228 gaben ertragen. Er glaube nicht, daß es nöthig ſein werde,
731 1224 2114 1279 dem Lande neue Opfer aufzuerlegen. Auf die auswärtigen
733 1274 2113 1334 Angelegenheiten übergehend, konſtatirte Northcote, daß
738 1325 2114 1377 die Beſtimmungen des Berliner Vertrages bis auf die Monte⸗
732 1375 2112 1433 negro betreffenden auf eine befriedigende Weiſe ausgeführt
729 1427 2111 1483 würden. Ein wichtiger Augenblick würde aber eintreten, wenn
728 1478 2111 1534 im nächſten Mai die Evakuation der noch von den Ruſſen
729 1528 2111 1595 beſetzten Gebietstheile vollkommen durchgeführt ſein müſſe. Er
724 1579 2110 1638 ſei jedoch überzeugt, daß die europäiſchen Mächte es nicht zu⸗
721 1628 2110 1689 laſſen würden, dieſe Beſtimmungen des Berliner Vertrages
717 1680 2116 1741 bei Seite zu ſetzen. Die Regierung werde auch fernerhin ihre
724 1732 2108 1790 feſte, vorſichtige und maßvolle Haltung beobachten. Ein großes
721 1783 2108 1842 Prinzip der Regierungspolitik ſei die Erhaltung des türkiſchen
724 1829 2107 1893 Reiches. Er wolle die Schäden der Türkei nicht vertheidigen, aber
720 1885 2106 1948 welche Nation könnte man an ihre Stelle ſetzen? Die Idee, die
727 1936 2101 1996 Türkei durch Griechenland zu erſetzen, ſei unhaltbar. Die
721 1987 2104 2056 Pforte habe die Vorſchläge Englands bezüglich der Reformen
725 2039 2103 2106 in einer ſehr ermuthigenden Weiſe aufgenommen. Die Re⸗
724 2090 2101 2151 gierung glaube, daß ſie eine wichtige Verbeſſerung in der
724 2140 2101 2199 aſiatiſchen Türkei durchſetzen und auf dieſe Weiſe die Inter⸗
717 2193 2099 2263 eſſen Englands in dieſer Region fördern werde. Northcote
716 2243 2099 2310 beſprach ſodann die engliſch⸗türkiſche Konvention be⸗
716 2295 2096 2361 züglich Cyperns und erklärte, die Regierung habe, indem
719 2346 2097 2404 ſie ſich jener Inſel bemächtigte, militäriſche Gründe gehabt,
717 2397 2096 2464 die er indeſſen nicht öffentlich diskutiren wolle. England
713 2444 2096 2507 habe durch die Beſitznahme von Cypern gleichzeitig einen
713 2497 2096 2558 Punkt erworben, von dem aus es die Ausführung der Re⸗
716 2550 2092 2609 formen in der Türkei überwachen könnte. Schließlich wandte
715 2601 2094 2660 ſich der Schatzkanzler in ſeiner Rede zu der afghaniſchen
716 2653 2094 2719 Angelegenheit und ſtellte die Behauptung in Abrede, daß
713 2704 2090 2762 die Miſſion Chamberlains eine kriegeriſche geweſen wäre.
712 2755 2091 2813 Chamberlain habe nur eine zum Schutze gegen die Barbaren⸗
715 2801 2094 2864 ſtämme nothwendige Eskorte bei ſich gehabt. Die Nation
708 2857 2094 2917 könne ſicher ſein, daß die Regierung ſich gegen Inſulte ver⸗
706 2908 2089 2968 theidigen werde, welche die Ehre und das Preſtige Englands
705 2959 2090 3019 im Orient ſchädigen könnten. Alle eventuellen Maßregeln
709 3011 2092 3072 würden nur die Aufrechterhaltung der gegenwärtigen Grenze
709 3062 2092 3124 zum Zweck haben. Northcote ſchloß mit der Erklärung, der
709 3115 2089 3173 gegenwärtige Zeitpunkt erfordere Klugheit und Feſtigkeit, denn
709 3163 2089 3231 es ſei wohl möglich, daß ſich Leute finden würden, welche die
705 3211 2092 3276 Aufmerkſamkeit Englands von dem Hauptziele: der gerechten
707 3267 2093 3327 und vollkommenen Ausführung des Berliner Vertrages, ab⸗
708 3317 1040 3371 lenken möchten.
812 3392 2094 3449 — 21. Oktober. (W. T. B.) Der „Times“ wird aus
707 3442 2095 3503 Darjeeling, von geſtern, telegraphirt: Die ohne jede Be⸗
712 3492 2092 3557 läſtigung erfolgte Rückkehr des an den Emir von Afghaniſtan
701 3543 2088 3604 geſchickten Abgeſandten aus Kabul ſcheint anzudeuten,
703 3594 2087 3654 daß der Emir entſchloſſen iſt, ſich, wenn auch nicht den For⸗
707 3646 2093 3706 derungen Englands vollſtändig zu unterwerfen, ſo doch
704 3697 2091 3757 wenigſtens in Verhandlungen ſich einzulaſſen, durch
704 3747 2087 3808 welche der unmittelbare Ausbruch eines Krieges ver⸗
702 3799 2087 3861 mieden wird. Die indiſche Regierung hat die Abſicht
705 3850 2084 3912 eines Winterfeldzuges jetzt vollſtändig aufgegeben.
701 3898 2085 3962 — Im Zuſammenhang mit vorſtehender Meldung ſcheint
707 3952 2085 4014 eine Mittheilung des „Daily Telegraph“ zu ſtehen, wonach
705 4003 2084 4065 der Staatsſekretär des Krieges, Stanley, und der erſte
704 4054 2084 4116 Lord der Admiralität, Smith, die anläßlich der Afghaniſtan⸗
701 4105 2082 4168 angelegenheit aufgegebene Reiſe nach Cypern nunmehr
699 4156 2083 4219 doch antreten werden. Der Erſtere iſt bereits geſtern nach
697 4202 2086 4271 Paris abgereiſt, um ſich von dort nach Cypern zu begeben,
697 4258 1758 4319 der Letztere wird ihm morgen dahin nachfolgen.
797 4368 2078 4430 Frankreich. Paris, 18. Oktober. (Fr. C.) Der
685 4417 2077 4479 Finanz⸗Miniſter Léon Say verhandelte geſtern mit der
684 4468 2076 4532 Subkommiſſion des Budgetausſchuſſes und nahm dieſe
689 4519 2074 4584 Gelegenheit wahr, um vor übereilten Steuerherabſetzungen zu
685 4572 2073 4634 warnen und ſein Bedauern darüber auszuſprechen, daß man
685 4621 2072 4684 in dieſer Beziehung dem Publikum für das Budget von 1879
687 4673 2074 4736 Verſprechen gemacht hätte, deren Erfüllung keineswegs geſichert
684 4723 2076 4789 ſei. Die Lage des Staatsſchatzes ſei ohne Zweifel eine ſehr
676 4775 2073 4835 zufriedenſtellende, aber es träten an ihn auch immer neue An⸗
678 4825 2071 4889 forderungen heran, ſo daß man an umfaſſende Steuererleich⸗
683 4879 2069 4939 terungen noch nicht denken könne. Man hätte für dieſelben
681 4929 2068 4990 unter Anderem auf einen aus der Emiſſion der erſten 400
684 4978 2067 5044 Millionen der neuen amortiſirbaren Rente zu erzielenden
685 5029 2069 5099 Nutzen von 7 bis 8 Millionen Francs gerechnet, der ſich nicht
682 5081 2066 5145 realiſirt hätte. Kurz, Herr Léon Say gab zu verſtehen, daß
683 5130 2066 5196 für das Jahr 1879 höchſtens eine leichte Herabſetzung der zwei
679 5182 2062 5246 letzten Klaſſen der Gewerbeſteuer zu ermöglichen ſein werde.
676 5236 2064 5298 — Das „Journal officiel“ veröffentlicht den amtlichen
679 5283 2065 5344 Ausweis über das Erträgniß der direkten und in⸗
677 5335 2064 5392 direkten Steuern in den erſten neun Monaten des
675 5385 2060 5452 Jahres 1878. Die direkten Steuern ergaben danach in dieſem
673 5436 2061 5503 Zeitraume 528 082 000 Frcs., d. i. 51 990 500 Frcs. mehr,
677 5488 2061 5559 als fällig war. Die Steuer auf das Einkommen der beweg⸗
675 5535 2058 5603 lichen Werthe (3 pCt.) erzielte 26 155 000 Frcs., d. i.
675 5592 2060 5653 713 000 Frcs. weniger als in dem Budget vor⸗
679 5641 2058 5705 geſehen war. Die indirekten Steuern endlich lieferten
673 5688 2056 5754 ein Geſammterträgniß von 1 554 577 000 Frcs., d. i.
673 5741 2057 5807 45 518 000 Frcs. mehr als im Budget vorgeſehen und
671 5796 2055 5861 47 376 000 Frcs. mehr als in der entſprechenden Periode des
673 5844 2056 5905 Vorjahrs. Insbeſondere haben gegen die erſten neun Mo⸗
670 5897 2057 5957 nate des Jahres 1877 zugenommen: die Fabrikationsſteuer
673 5947 2056 6009 auf einheimiſchen Zucker um 22,1, die Einfuhrzölle auf ver⸗
672 5995 2056 6060 ſchiedene Waaren um 14,3 das Enregiſtrement um 11,5, die
671 6047 2056 6112 Getränkeſteuer um 10, die Tabakſteuer um 2,7 Mill. Frcs.,
667 6101 2056 6161 wogegen der Einfuhrzoll auf fremden Zucker um 6,2, die
668 6147 2055 6212 Salzſteuer an der Grenze um 1,8, das Poſterträgniß um
666 6201 2054 6265 10,2 Mill. gegen die entſprechende Periode des Vorjahres
664 6249 1106 6305 zurückgeblieben ſind.
765 6326 2053 6388 — 19. Oktober. (W. T. W.) Der Marſchall⸗Prä⸗
665 6374 2051 6435 ſident hat heute die Erlaſſe, betreffend die Verleihungen des
663 6425 2050 6488 Ordens der Ehrenlegion aus Veranlaſſung der Weltaus⸗
662 6476 2049 6541 ſtellung, unterzeichnet. Der Miniſterrath hat heute über
2201 399 3602 465 die Rede, welche der Präſident bei der Vertheilung der Preiſe
2201 458 3423 518 für die Weltausſtellung halten wird, Beſchluß gefaßt.
2303 531 3596 597 Spanien. Madrid, 21. Oktober. (W. T. B.) Der
2194 582 3593 644 frühere Chef der Exekutivgewalt, Piy Margall, iſt wegen
2197 638 3593 695 Theilnahme an der jüngſten republikaniſchen Schilderhebung
2194 687 2643 742 verhaftet worden.
2300 764 3593 826 Italien. Rom, 19. Oktober. (W. T. B.) Der Ma⸗
2193 815 3590 869 rine⸗Miniſter hat ebenfalls ſeine Demiſſion gegeben.
2193 865 3592 920 Der Miniſter⸗Präſident Cairoli hat ſich heute zu einer
2191 916 3591 972 Konferenz mit dem Könige nach Monza begeben und kehrt
2191 968 2712 1018 alsdann hierher zurück.
2284 1019 3588 1073 — 21. Oktober. (W. T. B.) Der König hat das Ent⸗
2189 1070 3586 1132 laſſungsgeſuch der Miniſter Corti, Bruzzo und
2186 1121 3586 1176 Bracchetti genehmigt. Der Miniſter⸗Präſident Cairoli
2185 1173 2939 1227 wird am Dienſtag hier eintreffen.
2297 1237 3584 1306 Griechenland. Athen, 19. Oktober. (W. T. B.) Die
2186 1297 3582 1358 Kammer nahm in der heutigen Sitzung mit 69 gegen 63
2184 1348 3582 1408 Stimmen eine die Politik der Regierung billigende
2183 1399 3580 1459 Reſolution an. Die fünf Miniſter, ſowie drei Deputirte
2186 1452 3580 1511 enthielten ſich der Abſtimmung. Das Blaubuch gelangte zur
2180 1502 2454 1557 Vertheilung.
2289 1580 3579 1635 Türkei. Konſtantinopel, 20. Oktober. (W. T. B.)
2179 1628 3575 1687 In der am Freitag ſtattgehabten Sitzung des National⸗
2178 1681 3576 1741 rathes der gregorianiſchen Armenier bekämpfte der
2176 1727 3575 1789 Patriarch Narſes das Projekt, betreffend die Autonomie Ar⸗
2179 1783 3578 1840 meniens, das in Folge deſſen aufgegeben zu ſein ſcheint. —
2178 1834 3573 1900 Der engliſche Botſchafter Layard hat dem Sultan die Ge⸗
2176 1884 3572 1952 nehmigung der die kretenſiſchen Angelegenheiten be⸗
2175 1935 3571 1995 treffenden Konvention anempfohlen. Die aſiatiſche
2174 1982 3571 2043 Reformfrage hat einen neuen Aufſchub erfahren, da der
2176 2036 3570 2097 Sultan das bezügliche Projekt zurückgegeben und noch weitere
2171 2088 2804 2146 Erläuterungen verlangt hat.
2278 2165 3568 2222 Rumänien. Bukareſt, 20. Oktober. (W. T. B.)
2168 2214 3566 2274 Heute hielten die rumäniſchen Truppen mit dem Für⸗
2169 2264 3566 2324 ſten Karl an der Spitze unter enthuſiaſtiſchen Ovationen der
2155 2316 3564 2376 Bevölkerung ihren feierlichen Einzug in die Haupt⸗
2156 2365 2296 2422 ſtadt.
2276 2444 3563 2509 Amerika. Waſhington, 20. Oktober. (W. T. B.)
2163 2493 3562 2554 Der Betrag des für den Staatsſchatz allwöchentlich anzu⸗
2165 2544 3562 2603 kaufenden Silberquantums iſt vom Schatzſekretär
2165 2595 3237 2655 Sherman auf 400 000 Unzen feſtgeſetzt worden.
2260 2784 3557 2839 Nr. 21 des Central⸗Blatts der Abgaben⸗, Ge⸗
2160 2829 3555 2884 werbe⸗ und Handelsgeſetzgebung und Verwaltung in den
2160 2874 3556 2932 Königlich Preußiſchen Staaten hat folgenden Inhalt: Anzeige
2167 2921 3554 2980 der im Reichsgeſetzblatte erſchienenen Geſetze und Verordnungen.
2165 2965 3555 3020 Allgemeine Verwaltungsgegenſtände: Veränderungen in dem Stande
2164 3012 3554 3067 und in den Befugniſſen der Zoll⸗ und Steuerſtellen. Indirekte
2163 3056 3552 3120 Steuern: Erkenntniß des Königlichen Ober⸗Tribunals. Zollgeſetz.
2161 3102 3553 3159 Kontrebande. Einfuhr⸗Verbote. Viehſeuchen. Maßregeln. Ein⸗
2161 3147 3550 3204 führung von Uebergangsabgaben und Ausfuhrvergütungen ꝛc. ꝛc. in
2154 3195 3550 3247 der bayeriſchen Pfalz. Erkenntniß des Königlichen Ober⸗Tribunals.
2156 3240 3550 3294 Erbſchaftsſtempel. 1) Nachträgliche Anmeldung. 2) Subſtanzerbe.
2158 3286 3551 3344 Anmeldungspflicht bei Anfall. 3) Neues Erbſchaftsſteuergeſetz. Frühere
2159 3331 3213 3385 Fälle. Alte Verjährungsfriſt. Perſonalnachrichten.
2489 3509 3233 3573 Reichstags⸗Angelegenheiten.
2256 3586 3544 3641 Der Reichstag war in der 1. Seſſion 1878 vom 9. Sep⸗
2155 3630 3545 3687 tember bis 19. Oktober, das ſind 31 Tage, verſammelt. Es haben 17
2156 3676 3551 3738 Plenarſitzungen, 50 Abtheilungsſitzungen und 32 Kommiſſionsſitzungen
2157 3722 3543 3779 ſtattgefunden. Von den verbündeten Regierungen bezw. dem Reichs⸗
2154 3767 3543 3824 kanzler wurden folgende Vorlagen gemacht: 1 Ueberſicht der vom
2153 3813 3544 3872 Bundesrathe gefaßten Entſchließungen auf Beſchlüſſe des Reichstags,
2154 3859 3542 3921 1 Schreiben betr. Ertheilung der Ermächtigung zur ſtrafrechtlichen
2151 3904 3541 3963 Verfolgung wegen Beleidigung des Reichstags. Der vorgelegte
2151 3946 3541 4010 Geſetzentwurf hat die Zuſtimmung des Reichstags erhalten; die
2152 3996 3539 4050 Ueberſicht der Bundesrathsentſchließungen hat durch Abdruck und
2152 4042 3539 4100 Vertheilung an die Mitglieder ihre Erledigung gefunden; das
2150 4087 3538 4149 Schreiben, betr. Ertheilung der Ermächtigung zur ſtrafrechtlichen
2148 4133 3539 4196 Verfolgung wegen Beleidigung des Reichstags iſt unerledigt
2148 4179 3536 4233 geblieben. Seitens der Mitglieder des Reichstags wurden ein⸗
2151 4223 3538 4286 gebracht: eine Interpellation und drei Anträge. Die Interpellation
2148 4269 3536 4333 iſt von Seiten des Bundesraths beantwortet worden; zwei Anträge
2148 4316 3537 4372 wurden angenommen und ein Antrag bleibt unerledigt. Im Laufe
2147 4361 3534 4417 der Seſſion ſind im Ganzen 187 Petitionen eingelaufen, wovon 133
2146 4407 3534 4471 der Petitionskommiſſion und 54 der Kommiſſion zur Vorberathung
2143 4452 3534 4515 des Sozialiſtengeſetzes überwieſen worden. Die Petitionskommiſſion
2143 4496 3532 4556 hat von den ihr überwieſenen Petitionen 13 als zur Erörterung im
2143 4542 3532 4599 Plenum nicht für geeignet erachtet; 126 ſind nicht zur Berathung ge⸗
2144 4589 3530 4653 langt. Die der IV. Kommiſſion überwieſenen Petitionen haben durch
2141 4634 3531 4692 die Beſchlußfaſſung über den Geſetzentwurf ihre Erledigung gefunden.
2142 4679 3529 4738 Die Abtheilungen haben 19 mündliche Berichte, die Kommiſſionen
2143 4725 3529 4789 8 ſchriftliche und 9 mündliche Berichte erſtattet; hiervon ſind 17
2140 4767 3527 4829 mündliche und 1 ſchriftlicher Bericht im Plenum erledigt worden.
2141 4817 3535 4878 11 mündliche und 7 ſchriftliche Berichte (ſämmtlich über Wahlprü⸗
2137 4861 3526 4922 fungen) bleiben unerledigt. Das Ergebniß der im Laufe der Seſſion
2137 4906 3526 4965 ſtattgehabten Wahlprüfungen iſt Folgendes: von den Abtheilungen
2134 4950 3524 5009 ſind geprüft und für vorläufig gültig erklärt 359 Wahlen, davon ſind
2132 4998 3525 5057 in Folge nachträglich eingegangener Proteſte ſpäter der Wahlprüfungs⸗
2135 5043 3525 5103 kommiſſion überwieſen 18, bleiben alſo gültig 341 Wahlen. Auf
2135 5089 3522 5149 Grund mündlicher Berichte der Abtheilungen bezw. der Wahlprü⸗
2135 5134 3520 5193 fungskommiſſion ſind im Plenum für gültig erklärt 9 Wahlen, zu⸗
2135 5175 3521 5238 ſammen gültige Wahlen 350. Es bleiben noch zu prüfen 47, und
2133 5228 3520 5286 zwar 45 in der Wahlprüfungskommiſſion und 2 in den Abtheilungen.
2131 5270 2879 5324 Gegenwärtig iſt ein Mandat erledigt
2216 5329 3519 5387 — Die „freie volkswirthſchaftliche Vereinigung“ im
2129 5373 3514 5427 Reichstage veröffentlicht unter dem 19. d. Mts. eine von 204 Ab⸗
2123 5420 3519 5478 geordneten unterzeichnete Erklärung, wonach dieſelben Angeſichts der
2126 5463 3518 5524 Handelspolitik der meiſten Deutſchland umgebenden Länder eine auf
2128 5510 3516 5574 das Reſultat ſorgfältiger Prüfungen und ſachgemäßer Abwägungen
2129 5555 3513 5613 geſtützte Reform des deutſchen Zolltarifs für nothwendig halten und
2127 5601 3515 5665 demgemäß entſchloſſen ſind, für dieſelbe in der nächſten ordentlichen
2127 5643 3033 5698 Seſſion des deutſchen Reichstages einzutreten.
2224 5691 3514 5749 Obſchon von verſchiedenen handelspolitiſchen Geſichtspunkten
2128 5737 3513 5790 ausgehend, finden ſich die Unterzeichner doch in dem Grundgedanken
2127 5782 3515 5840 vereinigt, daß die ſchwierigen Fragen der deutſchen Handelspolitik
2128 5827 3512 5884 nicht lediglich nach den Schlagwörtern von Freihandel und Schutzzoll
2126 5872 3510 5931 gelöſt werden können, daß es vielmehr entſcheidend darauf ankomme,
2125 5917 3511 5983 die wirklichen und vermeintlichen Gegenſätze der Intereſſen mit Sach⸗
2125 5961 3192 6017 kenntniß, Umſicht und Vaterlandsliebe auszugleichen.
2499 6157 3133 6211 Statiſtiſche Nachrichten.
2215 6229 3507 6286 Gemäß den Veröffentlichungen des Kaiſerlichen Geſund⸗
2121 6271 3508 6328 heitsamts ſind in der 41. Jahreswoche von je 1000 Be⸗
2121 6317 3506 6380 wohnern, auf den Jahresdurchſchnitt berechnet, als geſtorben
2116 6362 3504 6420 gemeldet: in Berlin 27,8, in Breslau 26,8, in Königsberg 31,7, in
2117 6407 3504 6467 Cöln 24,0, in Frankfurt a. M. 17,4, in Hannover 15,0, in Caſſel 22,5,
2121 6453 3504 6508 in Magdeburg 19,5, in Stettin 16,6, in Altona 34,9, in Straß⸗
2120 6497 3503 6559 burg 25,2, in München 32,1, in Nürnberg 23,3, in Augsburg 25,0,
3667 405 5065 494 in Dresden 23,2, in Leipzig 21,5, in Stuttgart 20,9, in Braunſchweig
3667 461 5058 523 19,2, in Karlsruhe 18,3, in Hamburg 25,3, in Wien 25,3, in Buda⸗
3659 505 5057 577 peſt 38,7, in Prag 23,7, in Trieſt 35,4, in Baſel 22,0, in Brüſſel 18,3,
3661 553 5056 616 in Paris 21,8, in Amſterdam 18,2, in Kopenhagen 19,1, in
3663 596 5054 661 Stockholm 18,0, in Chriſtiania 19,0, in St. Petersburg 30,3, in
3661 642 5054 704 Warſchau 29,5, in Odeſſa 54,7, in Bukareſt 25,5, in Rom 22,3,
3663 687 5051 752 in Turin 21,1, in Athen —, in Liſſabon 31,4, in London 20,7, in
3661 734 5050 803 Glasgow 21,1, in Liverpool 25,8, in Dublin 25,9, in Edinburgh 16,1,
3661 778 5050 838 in Alexandria (Egypten) 48,7. Ferner aus früheren Wochen: in New⸗
3651 823 5049 888 York 22,0, in Philadelphia 16,3, in Boſton —, in Chicago 18,0, in
3653 870 5059 939 San Franzisko 15,1, in Calcutta 31,7, in Bombay 31,9, in
3661 916 3936 962 Madras 48,7.
3759 962 5049 1023 Die beim Beginn der Berichtswoche an den meiſten deutſchen
3665 1007 5049 1069 Beobachtungsſtationen vorherrſchenden öſtlichen und ſüdöſtlichen, in
3659 1053 5046 1119 Berlin, Cöln und Karlsruhe ſüdliche und ſüdweſtlichen Luft⸗
3657 1099 5046 1166 ſtrömungen, gingen um die Mitte der Woche faſt allgemein in letztere
3660 1145 5046 1204 Windrichtungen über und hielten bis zum Wochenſchluſſe an; nur in
3656 1190 5046 1254 München ſchlug der Wind am letzten Tage der Woche nach Nordoſt
3654 1239 5047 1296 um. Die im Anfange der Woche hohe Temperatur der Lnft ſank
3657 1284 5047 1340 allmählich. Niederſchläge fanden nur wenig ſtatt. Der Anfangs der
3659 1329 5047 1386 Woche hohe Luftdruck ſank raſch, ſtieg aber bald und erreichte
3652 1375 5022 1435 wieder ſeinen beim Beginn der Woche eingenommenen Standpunkt.
3748 1421 5047 1484 Die Sterblichkeitsverhältniſſe der meiſten größeren deutſchen
3652 1465 5046 1531 Städte zeigen gegen die vorhergegangene Woche nur eine geringe
3650 1511 5045 1571 Wendung zum Beſſern. Die allgemeine Sterblichkeits⸗Verhältnißzahl
3654 1557 5043 1618 für die deutſchen Städte ſtieg etwas, von 24,6 der Vorwoche auf
3647 1602 5042 1662 25,0 in der Berichtswoche (auf 1000 Bewohner und aufs Jahr be⸗
3653 1649 5045 1706 rechnet) und zeigt eine weitere Abnahme der Sterblichkeit des Säug⸗
3649 1694 5044 1751 lingsalters, ſowie eine Steigerung der Sterblichkeit der höheren
3645 1739 4529 1791 Altersklaſſen, namentlich der über 60 Jahr.
3744 1786 5040 1841 Unter den Todesurſachen gewinnen von den Infektionskrank⸗
3646 1829 5042 1892 heiten Scharlachfieber und diphtheriſche Affektionen immer größere
3649 1875 5044 1934 Verbreitung, während Darmkatarrhe und Brechdurchfälle, insbeſondere
3646 1921 5044 1980 letztere, ſowie Unterleibstyphen abnahmen. — Maſern verliefen nur
3647 1967 5043 2026 in wenigen Fällen tödtlich. Das Scharlachfieber herrſcht noch immer
3643 2012 5039 2078 in einer größeren Zahl von Städten, wie in Danzig, Thorn,
3645 2057 5040 2125 Breslau, Bromberg, Berlin, Cottbus und neuerdings in Plauen;
3645 2104 5038 2163 in Eſſen, ſowie in Liverpool und Birmingham iſt die Zahl der
3642 2149 5036 2207 Opfer in der Berichtswoche wieder erheblich geſtiegen. Auch die
3640 2195 5036 2264 Diphtherie fordert in Königsberg Danzig, Berlin, Dresden, Wien,
3648 2241 5037 2298 Hamburg noch viele Opfer. Todesfälle an Unterleibstyphus waren
3638 2287 5037 2346 nur in Berlin vermehrt; Flecktyphen traten nur vereinzelt auf; aus
3635 2332 5034 2397 deutſchen Städten wird kein weiterer Todesfall daran gem ldet.
3637 2378 5032 2435 Darmkatarrhe und Brechdurchfälle der Kinder zeigen einen erheb⸗
3635 2423 5032 2480 lichen Rückgang. Die Geſammtzahl der daran in deutſchen Städten
3633 2468 5031 2526 geſtorbenen Kinder betrug in der Berichtswoche 350 (gegen 394 der
3624 2514 5031 2573 Vorwoche); in den meiſten größeren Städten wurde die Zahl der
3631 2560 5030 2620 Darmkatarrhe ſeltener, nur in München und Budapeſt häufiger. Den
3631 2605 5028 2666 Pocken erlagen in London in der Berichtswoche 5 Perſonen, in
3632 2651 5032 2711 Wien 7, in St. Petersburg 26, in Budapeſt ſtieg die Zahl der
3630 2696 5028 2753 Blatterntodesfälle auf 4, in Warſchau auf 11. — Aus St. Louis
3629 2743 5028 2803 wird aus der 3. Septemberwoche nur noch 1 Todesfall an gelbem
3628 2787 3949 2835 Fieber gemeldet.
3707 2847 5029 2905 — Der in dem Bureau der Lebensverſicherungsbank für Deutſchland
3628 2891 5028 2946 in Gotha alljährlich ſeit vielen Jahren bearbeitete Bericht über den
3627 2936 5025 2998 Zuſtand und die Fortſchritte der Lebensverſicherung in
3627 2982 5022 3039 Deutſchland iſt, wie bereits mitgetheilt, auch für das Jahr 1877 er⸗
3628 3028 5023 3085 ſchienen und im „Bremer Handelsblatt“, ſowie als beſondere Bro⸗
3629 3069 5021 3136 ſchüre veröffentlicht worden. Wir entnehmen dieſem Aufſatz noch
3627 3119 3948 3166 folgende Daten:
3719 3166 5025 3223 Die dem Berichte beigefügten Tabellen weiſen 49 deutſche
3619 3210 5022 3269 Lebensverſicherungs⸗Geſellſchaften auf, davon 3 im Deutſchen
3617 3256 5022 3315 Reich, 12 in Oeſterreich und 2 in der Schweiz. Bei dieſen
3623 3302 5021 3365 Geſellſchaften ſind im Jahre 1877 102 163 neue Lebensverſicherungen
3622 3348 5024 3408 mit einem Kapitale von 371 230 998 ℳ aufgenommen worden,
3621 3394 3789 3432 nämlich:
3714 3439 4911 3501 78 028 mit 302 435 094 ℳ bei den 35 deutſchen Anſtalten,
3714 3485 4923 3542 21 812 „ 57 873 702 „ „ „ 12 öſterreich. Anſtalten,
3738 3526 4909 3590 2 323 „ 10 922 202 „ „ „ 2 ſchweizer. Anſtalten.
3713 3574 5021 3628 Gegen 1876 iſt die Zahl der Anträge um 13 505 und die der
3620 3620 5019 3685 Verſicherungsſumme um 34 019 561 ℳ geſunken. Von den geſtellten
3619 3665 5014 3724 Anträgen wurden 22 379 auf 86 690 606 ℳ Verſicherungsſumme von
3618 3712 5019 3772 den Anſtalten wegen ungenügender Geſundheit der Antragſteller ab⸗
3620 3757 5016 3814 gelehnt oder von den Letzteren vor Ausfertigung der Policen wieder
3616 3799 5015 3863 zurückgenommen; es führten daher der Zahl nach 21,9 % (gegen
3615 3844 5015 3908 20,5 % im Jahre 1876) und der Summe nach 23,4 % (gegen
3618 3890 5012 3957 23,2 % im Jahre 1876) der geſtellten Anträge zu keinem Verſicherungs⸗
3613 3935 3781 3985 abſchluß.
3704 3986 5010 4043 Die angenommenen 79 784 Anträge führten den 49 deutſchen
3612 4030 5006 4089 Lebensverſicherungs⸗Anſtalten 77 640 neue Perſonen reſp. Policen zu
3611 4077 5009 4129 und lauteten zuſammen auf eine Summe von 284 540 392 ℳ Ver⸗
3611 4121 5010 4177 ſicherungskapital, ſo daß der neue Zugang im Jahre 1877 in der
3612 4168 5008 4225 Perſonenzahl um 11 860 und in der Verſicherungsſumme um
3610 4213 4596 4264 26 643 890 ℳ geringer war als im Jahre 1876.
3709 4259 4465 4310 Es kommen von den neu Verſicherten
3609 4305 5007 4363 58 169 Perſ. u. 230 409 707 ℳ Verſ.⸗S. auf d. 35 Anſt. i. Deut. Reiche,
3611 4350 5007 4408 17 802 „ „ 46 312 454 „ „ „ „ 12 „ „ Deut. Oeſter.,
3615 4392 5008 4453 1 669 „ „ 7 818 231 „ „ „ „ 2 „ „ d. d. Schweiz.
3698 4442 5004 4498 Im Ganzen waren im Jahre 1877 815 272 Perſonen mit
3607 4486 5007 4544 2 511 478 651 ℳ verſichert; hiervon ſchieden 13 109 Perſonen
3606 4533 5007 4590 (35 906 127 ℳ) durch Tod und 48 754 Perſonen (137 760 445 ℳ)
3611 4578 5003 4639 anderweitig aus, ſo daß am Jahresſchluß 753 409 Per⸗
3606 4623 5006 4680 ſonen mit 2 337 812 074 ℳ verſichert blieben, davon 552 246
3607 4668 5003 4722 Perſonen mit 1 847 622 742 ℳ bei den 35 Geſellſchaften im
3605 4715 5002 4772 Deutſchen Reich. Der geſammte Zuwachs im Jahre 1877 ſtellt ſich
3605 4760 5003 4822 auf 15 777 Perſonen mit 110 873 820 ℳ, d. h. 2,14 % der
3601 4804 5004 4866 Zahl der Verſicherten und 4,98 % der Verſicherungs⸗
3602 4850 5003 4906 ſumme. Die Berückſichtigung der Unfälle, welche die
3600 4896 5000 4954 Liquidation einiger Geſellſchaften im Jahre 1877 zur Folge gehabt
3601 4941 5000 4998 hat, vermindert ſich der Zuwachs auf 8542 (1,16 %) der Verſicherten
3600 4988 4999 5043 und 93 396 677 ℳ (4,19 %) der Summe (gegen 4,35 bzw. 6,57 %
3600 5031 4997 5088 in 1876; 5,30 bzw. 8,09 % in 1875; 7,12 bzw. 9,29 % in 1874;
3599 5077 4998 5133 8,84 bzw. 11,44 % in 1873). Der Durchſchnitt der Summe belief
3598 5122 4998 5179 ſich pro Kopf im Jahre 1877 auf 3103 ℳ, gegen 3021 ℳ in 1876.
3596 5168 4996 5224 Den ſtärkſten Zuwachs hatten im Jahre 1877 von den 35 Geſell⸗
3597 5213 4992 5271 ſchaften im Deutſchen Reich diejenigen zu Karlsruhe (2 810 616 ℳ)
3596 5260 4995 5319 und Gotha (1 167 800 ℳ), außerdem hatten noch 4 dieſer Geſell⸗
3595 5304 4993 5361 ſchaften einen Zuwachs, alle übrigen eine Abnahme der Verſiche⸗
3594 5351 4006 5396 rungsſumme erlitten.
3682 5408 4988 5464 Im Durchſchnitt hat die Lebensverſicherung bei den Lebens⸗
3593 5453 4822 5508 verſicherungsanſtalten im Deutſchen Reich zuſammen jährlich
3967 5509 4612 5559 1829 — 1833 um 191 000 000 ℳ
3966 5559 4608 5605 1834 — 1838 „ 148 000 000 „
3964 5605 4609 5654 1839 — 1843 „ 99 000 000 „
3964 5650 4606 5703 1844 — 1848 „ 70 000 000 „
3963 5695 4599 5750 1849 — 1853 „ 74 000 000 „
3963 5740 4604 5793 1854 — 1858 „ 144 000 000 „
3962 5786 4605 5835 1859 — 1863 „ 192 000 000 „
3962 5831 4600 5883 1864 — 1868 „ 340 000 000 „
3962 5876 4604 5930 1869 — 1873 „ 315 000 000 „
3961 5921 4596 5972 1874 — 1877 „ 379 000 000 „
3674 5974 4982 6027 Die Verſicherungsſumme Ende 1877 vertheilte ſich auf die be⸗
3583 6018 4983 6072 deutendſten Geſellſchaften, wie folgt: Gotha 328 011 800 ℳ, Ger⸗
3584 6064 4986 6116 mania (Stettin) 201 298 748 ℳ, Concordia (Cöln) 132 883 128 ℳ,
3582 6107 4977 6163 Leipzig 128 997 900 ℳ, Stuttgart (Lebensverſicherungs⸗ und Er⸗
3583 6153 4984 6208 ſparnißbank) 121 052 599 ℳ, Lübeck 110 989 084 ℳ, Berliniſche
3582 6199 3858 6238 86 998 524 ℳ
3671 6243 4973 6297 In Nebenverſicherungszweigen waren Ende 1877 bei den deutſchen
3581 6298 4979 6348 Geſellſchaften verſichert: 23 130 778 ℳ Begräbnißgeld, 80 048 017 ℳ
3581 6332 4984 6390 Ausſteuer, 351 441 ℳ aufgeſchobene Leibrenten und Penſionen,
3581 6374 4978 6433 1 671 467 zahlbare dgl., 807 564 ſteigende Tontinenrenten; ferner Reiſe⸗
3579 6425 4980 6481 und Unfall⸗, Kranken⸗ und Invalidenverſicherungen mit 19 460 700 ℳ
3579 6470 4986 6526 bei der Concordia, mit 98 704 248 ℳ bei der Thuringia, mit
3579 6514 4979 6571 7 822 491 ℳ bei der Preußiſchen Lebensverſicherungs⸗Aktiengeſellſchaft,
5212 431 6592 490 mit 148 059 323 ℳ Kapital und 1 636 037 ℳ jährlicher und reſp.
5214 477 6588 538 wöchentlicher Rente beim Prometheus, mit 406 169 915 ℳ bei der
5210 517 6589 581 Schleſiſchen Lebensverſicherungs⸗Geſellſchaft; Kinderverſorgungskaſſen
5215 567 6588 629 mit folgender Zahl eingeſchriebener Kinder: 1 068 bei der Teutonia,
5213 615 6591 676 20 995 bei der Concordia, 611 bei der Magdeburger Lebensverſiche⸗
5219 653 6582 716 rungs⸗Geſellſchaft, 1335 bei der Thuringia, 1589 bei der Germania,
5219 710 6587 759 2188 bei der Allgemeinen Verſorgungs⸗Anſtalt in Karlsruhe, 147
5219 751 5793 805 bei der Nationale in Berlin.
5304 796 6587 849 Bei der Berechnung der Geſchäftsergebniſſe von 46 Geſellſchaf⸗
5220 841 6588 895 ten kommen, weil einige Nebenbranchen nicht abgetrennt werden
5219 887 6586 942 konnten, 2 329 168 878 ℳ Verſicherungsbeſtand Ende 1877 in Betracht.
5303 932 6588 985 Zur Begründung dieſer Kapitalverſicherungen ſind während des
5221 978 6590 1031 vorigen Jahres von den betheiligten Verſicherten 73 530 986 ℳ ein⸗
5213 1021 6588 1089 gezahlt worden. Die Geſammteinnahme beziffert ſich auf 95 209 986 ℳ
5208 1081 5334 1125 wovon
5275 1114 6436 1164 77 853 245 ℳ auf die 35 Anſtalten im Deutſchen Reiche,
5269 1163 6465 1209 13 418 992 „ „ „ 9 „ in Deutſch⸗Oeſterreich,
5291 1207 6528 1256 3 937 749 „ „ „ 2 „ in der deutſchen Schweiz.
5219 1252 6596 1310 fallen. Gegen 1876 iſt die Geſammt⸗Einnahme alſo um 4 248 917 ℳ
5220 1298 6422 1350 oder um 4,67 % (gegen 5,68 % im Jahre 1876) gewachſen.
5292 1343 6587 1394 Für geſtorbene Verſicherte wurden während des vorigen Jahres
5220 1389 6436 1440 Erbſchaften im Belaufe von 33 405 411 ℳ anfällig, nämlich
5301 1435 6471 1483 26 901 624 ℳ bei den 35 Anſtalten im Deutſchen Reiche,
5322 1481 6502 1530 5 228 659 „ „ „ 9 „ in Deutſch⸗Oeſterreich,
5314 1525 6556 1577 1 275 128 „ „ „ 2 „ in der deutſchen Schweiz.
5221 1574 6588 1627 Gegen 1876, wo die Sterbefallzahlungen 31 881 796 ℳ betrugen, iſt
5219 1619 6588 1670 die Ausgabe für zahlbare Sterbefälle daher um 1 523 615 ℳ oder
5219 1665 6308 1716 um 4,78 % (gegen 3,77 % im Jahre 1876) gewachſen.
5302 1711 6589 1761 Im Ganzen belief ſich der Verwaltungsaufwand im
5219 1760 5454 1812 Jahre 1877:
5220 1802 5691 1852 bei den 35 Anſtalten im
5259 1852 6584 1901 Deutſchen Reiche auf 10 254 621 ℳ od. 13,17 % der Jahreseinn.,
5219 1898 5690 1946 bei den 9 Anſtalten in
5259 1943 6474 1996 Deutſch⸗Oeſterreich auf 2 546 608 „ „ 18,98 % „ „
5219 1989 5690 2036 bei den 2 Anſtalten in der
5257 2035 6470 2082 deutſchen Schweiz auf 437 943 „ „ 11,12 % „ „
5218 2093 5692 2140 bei den ſämmtlichen 46
5242 2138 6588 2184 Anſtalten auf 13 239 172 ℳ od. 13,91 % der Jahreseinn.
5301 2184 6588 2233 Den geringſten Verwaltungsaufwand hatten die Geſellſchaften zu
5217 2230 6152 2278 Gotha mit 5,47 % und Stuttgart mit 5,89 %.
5303 2275 6528 2320 Der Geſchäftsfonds bei den 46 Anſtalten betrug Ende 1877:
5259 2321 6438 2367 319 544 817 ℳ bei den 35 Anſtalten im Deutſchen Reiche,
5278 2367 6456 2414 54 518 806 ℳ „ „ 9 „ in Deutſch⸗Oeſterreich,
5281 2414 6520 2459 16 120 598 ℳ „ „ 2 „ in der deutſchen Schweiz,
5259 2466 6529 2522 390 184 221 ℳ in Summa (gegen 358 793 216 ℳ Ende 1876).
5301 2516 6590 2562 Derſelbe iſt alſo im Jahre 1877 um 31 391 005 ℳ oder 8,75 %
5203 2557 6590 2614 gewachſen, während die Zunahme im Jahre 1876 30 302 082 ℳ oder
5213 2608 5572 2659 9,07 % ausmachte.
5442 2677 6354 2723 Kunſt, Wiſſenſchaft und Literatur.
5297 2737 6586 2784 Der Senior der juriſtiſchen Fakultät der Univerſität
5216 2780 6583 2830 Leipzig, Geh. Hofrath Profeſſor Dr. Guſtav Hänel, der be⸗
5215 2830 6582 2878 kannte romaniſtiſche Quellenforſcher, iſt am 18. Abends im Alter
5215 2876 5710 2922 von 86 Jahren geſtorben.
5297 2933 6585 2980 Straßburg, 16. Oktober. (Straßb. Ztg.) Geſtern gelang
5215 2979 6586 3030 bei den Nachgrabungen vor dem Weißthurmthore aber⸗
5214 3025 6587 3070 mals das Auffinden von zwei Steinſärgen, deren einer bis auf
5213 3071 6587 3117 die darin gefundene Glasurne ſo gut wie leer war, wogegen der
5216 3113 6587 3164 andere ſich gänzlich mit Erde angefüllt zeigte, und außerdem nur
5214 3162 6586 3209 ſpärliche Knochenreſte enthielt. In der Erde neben dem letzteren
5213 3207 6586 3256 Sarge ſtieß man auf ein zweites Glasgefäß mit Henkeln und auf
5213 3252 6587 3299 Metallreſte, welche eine Art Umhüllung des Glasgefäßes gebildet
5212 3298 6586 3349 zu haben ſchienen. Der Zudrang des Publikums wächſt mit jedem
5203 3344 6311 3399 Tage. Auch zwei Münzen kamen neuerdings ans Licht.
5235 3389 6590 3456 — Die thätige Handlung von R. L. Prager in Berlin hat
5212 3447 6590 3492 wiederum 7 Verzeichniſſe ihres antiquariſchen Lagers, welches
5213 3487 6594 3542 ſpeziell den Rechts⸗ und Staatswiſſenſchaften gewidmet iſt, veröffent⸗
5212 3537 6588 3583 licht und zwar beziehen ſich vier davon auf Rechts⸗ und Staats⸗
5212 3582 6593 3630 wiſſenſchaften, während drei die Geſchichte und ihre Hülfswiſſen⸗
5212 3627 6588 3676 ſchaften betreffen. Kat. 34 verzeichnet in 1200 Nummern eine
5211 3673 6588 3720 werthvolle Sammlung rechts⸗ und ſtaatswiſſenſchaftlicher Werke,
5211 3713 6589 3772 ebenſo wie Kat. 41 (Bibliothek des verſtorbenen Prof. v. Buſſin⸗
5213 3763 6587 3812 Freiburg) 2000 Nummern umfaſſend; Kat. 39 (Rechtswiſſenſchaft)
5211 3809 6584 3855 und 40 (Staatswiſſenſchaft), zuſammen 3200 Nummern, verzeichnen
5211 3854 6585 3899 die von dem Ober⸗Tribunals⸗Rath Lemcke hinterlaſſene
5211 3899 6584 3946 Bibliothek. Die drei hiſtoriſchen Kataloge, mit zuſammen
5216 3945 6585 3991 über 3000 Nummern, umfaſſen das ganze große Gebiet in ſehr aus⸗
5214 3991 6583 4039 giebiger Weiſe, und zwar giebt Kat. 35 Allgemeines ſowie Hülfs⸗
5215 4036 6585 4085 wiſſenſchaften, Kat. 36 die Geſchichte der einzelnen Länder und Völker
5211 4082 6583 4131 ausſchl. der ſlaviſchen, Kat. 37 die Geſchichte der ſlaviſchen Völker,
5214 4128 6585 4175 einſchl. Ungarn, Türkei und Griechenland. Namentlich der letztere
5210 4173 6584 4222 Katalog iſt bei den heutigen Orientwirren eine intereſſante und dan⸗
5210 4219 6583 4267 kenswerthe Zuſammenſtellung Die Kataloge ſind wie die früheren
5211 4264 6331 4313 ſehr überſichtlich zuſammengeſtellt und die Preiſe mäßig.
5602 4334 6174 4383 Gewerbe und Handel.
5293 4393 6575 4449 Die vor Kurzem von dem Geſundheitsamte zu Malaga über
5208 4442 6584 4489 alle aus Gibraltar kommenden Schiffe verhängte dreitägige
5204 4484 6582 4536 Beobachtungs⸗Quarantäne*) iſt wieder aufgehoben
5208 4539 5339 4571 worden.
5294 4578 6579 4624 Nachrichten über den Geſundheitsſtand in den Hauptorten Ma⸗
5207 4624 6577 4670 rocco's liegen aus Rabat, Saffi und Mogador bis zum 30.
5211 4669 6580 4716 v. M., aus Larache (el Araiſch) bis zum 5. d. M. und aus
5208 4712 6579 4762 Tanger bis zum 9. d. M. vor; ſie lauten durchaus günſtig und
5210 4760 6582 4806 melden keinen Cholerafall. Die Nachricht aus Mogador**) beſagt
5207 4806 6543 4853 ausdrücklich, daß keine Spur von Cholera am Orte vorhanden ſei.
5292 4851 6581 4898 In Caſablanca dauert die Beſſerung des Geſundheitsſtandes
5207 4893 6579 4947 fort.***) Die Zahl der Todesfälle betrug 89 in der Zeit vom 28.
5207 4941 6580 4993 v. M. bis zum 2. d. M., an welchem letzteren Tage ſie auf 6
5207 4984 5385 5030 herabſank.
5292 5033 6577 5080 Von dortiger ärztlicher Seite wird jetzt ebenfalls eingeräumt,
5206 5074 6577 5128 daß die Krankheitserſcheinungen hauptſächlich typhiſcher Natur, bezw.
5204 5120 6577 5172 daß gegenwärtig als außergewöhnliche Todesurſachen nur noch Nah⸗
5205 5171 6074 5216 rungsmangel und Pocken zu bezeichnen ſind.
5289 5213 6572 5263 In Mazagan ſind am 1. d. M. einige Todesfälle vorge⸗
5208 5254 6573 5307 kommen, welche zwar als Cholera bezeichnet werden, deren wirklche
5206 5301 5841 5352 Urſache aber noch nicht feſtſteht.
5288 5347 6438 5398 In Tanger iſt der Geſundheitszuſtand unverändert gut.
5278 5394 6577 5446 — Dem Geſchäftsbericht der Berliner Maſchinenbau⸗
5205 5439 6576 5490 Aktien⸗Geſellſchaft (vormals L. Schwartzkopff) für das
5205 5485 6577 5535 Geſchäftsjahr vom 1. Juli 1877 bis 30. Juni 1878 ſind folgende
5206 5530 6575 5580 Mittheilungen entnommen: Die Direktion iſt in der Lage, eine Di⸗
5205 5575 6577 5624 vidende von 4 % gegen 3 % des Vorjahres in Vorſchlag zu bringen,
5205 5619 6576 5670 obſchon diesmal für Abſchreibungen und Inſtandhalten der Werke
5204 5661 6576 5714 314 310,42 ℳ gegen 273 853,83 ℳ des Vorjahres, alſo 40 456,59 ℳ
5203 5710 6575 5759 mehr verwendet wurden. Dies Reſultat iſt hauptſächlich der Loko⸗
5206 5755 6575 5805 motivbranche zuzuſchreiben, welche im abgelaufenen Geſchäftsjahre
5206 5801 6574 5851 68 Stück Lokomotiven gegen 51 Stück des Vorjahres und zwar zu
5205 5840 6573 5894 beſſeren Preiſen effektuirte. Die Total⸗Umſatzſumme dieſes Jahres
5201 5889 6572 5942 ſtellt ſich inkluſive der Lokomotiven und anderweiten Maſchinenbau⸗
5205 5935 6572 5987 arbeiten auf 3 828 056,18 ℳ gegen 2 485 764,05 ℳ des Vorjahres.
5199 5975 6572 6032 An Geſammtaufträgen übernahmen wir für das neue Geſchäfts⸗
5202 6026 6572 6078 jahr 1878/79 — inkluſive 65 Stück Lokomotiven — an geſichertem
5201 6067 6583 6123 Beſtellungswerth circa 3 250 000 ℳ Der diesjährige Reingewinn,
5199 6110 6573 6166 inkluſive des Uebertrages von 6510,31 ℳ. pro 1. Juli 1877 beträgt
5199 6160 6570 6213 295 530,51 ℳ und vertheilt ſich auf: Reſervefonds mit 28 902 ℳ,
5198 6203 6570 6258 Tantième des Aufſichtsraths mit 13 006 ℳ, Dividende mit 240 000 ℳ,
5198 6246 6091 6309 Gewinnübertrag pro 1879 mit 13 622,51 ℳ.
5274 6296 6570 6347 — Der Bericht der Königlichen Direktion der Main⸗Weſer⸗
5192 6336 6572 6393 Bahn über das Betriebsjahr 1877/78 konſtatirt, daß daſſelbe bei
5284 6430 6014 6484 *) ſ. Reichs⸗Anzeiger vom 12. d. M.
5285 6481 6016 6527 **) ſ. Reichs⸗Anzeiger vom 7. d. M.
5281 6519 6065 6580 ***) ſ. Reichs⸗Anzeiger vom 17. d. M.
6658 435 8047 489 den Verkehrs⸗ und Einnahm⸗Ergebniſſen kein günſtiges Reſultat
6659 484 8044 533 aufzuweiſen hat. Es wurden befördert: incl. Militärs 1 582 237
6660 529 8044 582 Perſonen, gegen 1 613 679 in 1876, mithin weniger 31 442, Gepäck
6658 569 8045 626 4825 t, gegen 5245 t, 89 Stück Equipagen, 5266 Stück Pferde,
6659 615 8044 669 4783 Hunde, 1596 Achſen und 44 936 Stück Vieh, 1 070 837 t Güter
6660 666 8045 719 aller Art, gegen 1 132 045 t im Vorjahr, mithin 61 207 t
6659 706 8041 760 weniger. Die Ergebniſſe hieraus belaufen ſich: beim Perſonen⸗
6660 757 8042 808 verkehr auf 2 546 559 ℳ gegen 2 681 173 ℳ im Jahre 1876, ſonach
6663 801 8044 852 134 614 ℳ d. i. 5,02 % weniger, und beim Güterverkehr auf
6659 848 8043 898 4 016 096 ℳ gegen 4 880 192 ℳ in 1876 oder 863 815 ℳ oder
6662 892 8042 944 17,7 % weniger; einſchließlich der Nebenerträgniſſe betragen die In⸗
6659 939 8041 987 traden des Güterverkehrs 4 365 297 ℳ gegen 5 232 343 ℳ in 1876.
6660 984 8040 1031 Aus ſonſtigen Quellen wurden insgeſammt 609 307 ℳ vereinnahmt
6659 1027 8043 1077 gegen 537 296 ℳ im Vorjahre; dieſe Poſition weiſt ſonach eine
6652 1074 8044 1122 Steigerung von 72 010 ℳ gegen 1876 aus. Nach dem Abſchluſſe
6659 1119 8042 1170 der Betriebsrechnung betragen die Einnahmen inkl. der Reſte aus
6659 1160 8050 1215 den Vorjahren 8 107 758 ℳ; hiervon gehen jedoch ab
6659 1211 8052 1259 die für 1878/79 zu übertragenden Einnahmereſte von
6660 1257 8053 1306 655 221 ℳ, ſo daß ſich die Iſt⸗Einnahme auf 7 452 536 ℳ
6660 1301 8044 1350 ſtellt. Die geſammten Ausgaben incl. der Ausgabereſte
6663 1346 8044 1395 aus vorderen Jahren betragen 5 599 942 ℳ, wovon jedoch die bereits
6664 1388 8044 1443 in Rechnung gezogenen Reſte aus den Vorjahren mit 300 079 ℳ
6662 1436 8045 1492 abgehen, ſo daß zu verrechnen bleiben 5 299 862 ℳ Der wirkliche
6660 1485 8044 1537 Ueberſchuß beträgt daher 2 152 673 ℳ bezw. nach Abzug von 906 ℳ,
6660 1527 8050 1583 welche auf ſeparate preußiſche Rechnung gehen, 2 151 767 ℳ Be⸗
6659 1577 8044 1626 hufs Vertheilung des Ueberſchuſſes geht indeß noch hinzu die in der
6660 1624 8046 1680 Ausgabe enthaltene Einkommenſteuer, welche dem Königreich Preußen
6662 1670 8046 1719 allein zur Laſt fällt, mit 12 750 ℳ, ſo daß insgeſammt 2 164 517 ℳ
6660 1716 8045 1767 zur Vertheilung gelangten und zwar nach Maßgabe des verwendeten
6659 1763 8045 1811 Anlagekapitals an das Königreich Preußen 1 484 581 ℳ und an
6658 1807 8044 1856 das Großherzogthum Heſſen 679 935 ℳ Unter Abſetzung
6659 1853 8044 1909 der als wirkliche Betriebsausgaben nicht zu betrachtenden Beträge
6660 1897 8044 1949 von insgeſammt 1 454 375 ℳ (nämlich: Zuſchuß zur Krankenkaſſe
6659 1944 8044 1991 der Werkſtätte⸗Arbeiter, ſowie aus der Betriebskaſſe zu leiſtende
6661 1992 8044 2040 Penſionen ꝛc. 82 975 ℳ; für Erneuerungen und Erweiterungen von
6659 2032 8043 2086 Bahnanlagen 1 343 182 ℳ, ſowie für Neubeſchaffung von Loko⸗
6660 2082 8046 2130 motiven ꝛc. 28 218 ℳ) belaufen ſich die Ausgaben auf nur 3 845 485 ℳ
6660 2124 8038 2176 gegen 4 796 013 ℳ in 1876, mithin 950 525 ℳ = 19,82 % weniger.
6659 2174 8042 2222 Die Betriebsausgaben betragen von den Betriebseinnahmen 50,11 %
6659 2219 8040 2267 gegen 55,75 % in 1876. Das Anlagekapital, welches ſich in 1877/78
6660 2264 8040 2314 um den Betrag von 445 404 ℳ vergrößerte, betrug am Ende des
6660 2306 8044 2363 Jahres 52 390 408 ℳ, wovon auf die Königlich preußiſchen Bahn⸗
6661 2355 8040 2403 ſtrecken 35 933 103 ℳ und auf die Großherzoglich heſſiſchen Strecken
6662 2397 8043 2452 16 547 305 ℳ entfallen. Der Reſtüberſchuß präſentirt eine Ver⸗
6660 2448 7542 2496 zinſung dieſes Anlagekapitals von 4,132 %.
6744 2503 8040 2551 — In der Generalverſammlung der Aktionäre der Gußſtahl⸗
6660 2547 8040 2598 und Waffenfabrik Witten, vorm. Berger & Comp., wurde
6661 2595 8041 2643 einſtimmig Decharge ertheilt. Aus der Bilanz ergiebt ſich ein
6661 2641 8041 2688 Bruttogewinn von 548 178 ℳ, wovon 324 680 ℳ zu Abſchreibungen
6662 2686 8042 2734 verwendet worden ſind, ſo daß ein Reingewinn von 223 498 ℳ
6661 2732 8041 2778 verbleibt, der nach Beſchluß der Generalverſammlung folgendermaßen
6661 2777 8040 2830 vertheilt wird: 202 500 ℳ ſollen als Dividende (4 ½ %) zur Vertheilung
6662 2824 8044 2871 an die Aktionäre gelangen, 5 % oder 11 174 ℳ zum Reſervefonds abgeführt
6661 2869 8042 2916 werden, 7500 ℳ dem Aufſichtsrath als garantirte Tantième zufallen
6661 2914 8043 2961 und der Vortrag auf neue Rechnung in Höhe von 2323 ℳ dem
6659 2960 8042 3005 Direktorium als Gratifikation für die Geſchäftsführung üb rwieſen
6660 3005 8053 3052 werden. Die Bilanz balanzirt mit 5 984 802 ℳ Debitoren figu⸗
6660 3046 8044 3101 riren mit 978 856 ℳ, Effekten mit 12 000 ℳ, das Kaſſakonto mit
6662 3097 8045 3143 199 ℳ, das Wechſelkonto mit 10 988 ℳ, während Kreditoren mit
6662 3142 8042 3187 183 812 ℳ und der Reſervefond mit 39 704 ℳ zu Buch ſtehen.
6661 3184 7464 3235 Dsa Aktienkapital beträgt 4 500 000 ℳ
6755 3233 8043 3286 — In der ordentlichen Generalverſammlung der Vereinigten
6662 3278 8044 3325 chemiſchen Fabriken zu Leopoldshall (Aktiengeſellſchaft)
6661 3323 8045 3370 am 19. Oktober wurde der Geſchäftsbericht unter Vorlegung der
6658 3369 8044 3416 Bilanz vorgeleſen und die vorgeſchlagene Dividende von 3 % ge⸗
6657 3414 6824 3459 nehmigt.
6755 3459 8047 3506 Antwerpen, 19. Oktober. (W. T. B.) Bei der heutigen
6661 3503 8044 3557 Wollauktion waren 2344 B. angeboten, von denen 1550 B.
6661 3550 8044 3596 verkauft wurden. Preiſe waren flau, theilweiſe 5 Cts. niedriger, als
6659 3595 7073 3641 die Eröffnungspreiſe.
6752 3639 8042 3687 London, 21. Oktober. (W. T. B.) Heute findet eine vor⸗
6657 3686 8047 3732 läufige Vernehmung der Direktoren und des Sekretärs der City⸗
6658 3731 8041 3778 of⸗Glasgow⸗Bank ſtatt, welche am vorigen Sonnabend zur
6656 3776 7186 3823 Haft gebracht worden ſind.
6750 3822 8039 3868 Glasgow, 19. Oktober. (W. T. B.) Die Vorräthe von
6654 3867 8040 3914 Roheiſen in den Stores belaufen ſich auf 198 500 Tons gegen
6658 3913 8037 3959 163 800 Tons im vorigen Jahre. Zahl der im Betrieb befindlichen
6651 3957 7469 4006 Hochöfen 92 gegen 87 im vorigen Jahre.
7089 3999 7591 4049 Verkehrs⸗Anſtalten.
6750 4055 8041 4101 Die Generalkonferenz der deutſchen Eiſenbahnverwaltungen
6655 4096 8039 4145 zur Fortbildung der Tarifreform iſt nunmehr auf den 30. d. M.
6655 4146 7951 4192 berufen; dieſelbe wird im Architektenhauſe hierſelbſt ſtattfinden.
7052 4322 7655 4369 Berlin, 21. Oktober 1878.
6749 4396 8040 4442 Die Anthropologiſche Geſellſchaft beſchäftigte ſich in
6652 4441 8040 4489 der Sitzung vom Sonnabend eingehend mit den zur Zeit hier im
6653 4485 8040 4538 Zoologiſchen Garten weilenden Nubiern Dieſelben ſind in
6653 4532 8039 4586 den letzten Tagen vom Profeſſor Hartmann und den Herren Dr.
6653 4577 8040 4624 Nachtigal und Hildebrandt in Bezug auf ihre Abſtammung, von den
6653 4623 8040 4668 Profeſſoren Lepſius, Dillmann und Prätorius in Betreff der bei
6652 4668 8039 4724 ihnen in Betracht kommenden linguiſtiſchen Erſcheinungen und vom
6653 4712 8041 4760 Profeſſor Virchow hinſichtlich ihrer Körperverhältniſſe unterſucht
6650 4758 8040 4805 worden. Prof. Virchow berichtete nunmehr der Geſellſchaft über die
6651 4804 8040 4851 intereſſanten Reſultate jener Unterſuchungen. Die Gruppe der Nubier
6650 4849 8038 4897 ſetzt ſich demnach zuſammen aus Angehörigen von zehn ver⸗
6649 4894 8039 4942 ſchiedenen Stämmen, und zwar iſt der Stamm der Chalenga durch
6652 4940 8039 4988 14, der der Marca durch 6, der der Djalin durch 3 Nubier
6650 4985 8037 5032 vertreten, während 2 Stämme je 2, 5 nur je einen Repräſentanten
6651 5031 8038 5077 aufzuweiſen haben. Die vielgenannte Frau gehört dem Stamm der
6651 5075 8032 5124 Marca an. Sprachlich gehört die Mehrzahl der hier anweſenden
6649 5121 8034 5168 Nubier, namentlich die vom Stamm der Chalenga, der Sprach⸗
6648 5166 8034 5220 familie Petſcha zu, einer Sprachfamilie, deren Stellung zu den übrigen
6648 5212 8034 5259 Sprachen eine ungemein zweifelhafte iſt. Der kleinere Theil der
6648 5257 8032 5304 Nubier ſpricht dagegen die Caſiaſprache, die von allen Gelehrten
6648 5301 8026 5350 als letztes Derivat der altabeſſiniſchen Des⸗Sprache angeſehen wird.
6649 5347 8031 5395 Ihrer bedienen ſich u. A. die Marca. Beide Sprachgruppen laſſen ſich
6643 5388 8030 5445 geographiſch leicht ſondern; während die Petſchaſprechenden mehr den
6646 5437 8030 5485 Norden Nubiens angehörten, bewohnen die Anhänger der Caſia den
6646 5483 8029 5538 Süden. Letztere ſtehen ſomit geographiſch wie auch linguiſtiſch den
6646 5527 8029 5576 Abeſſiniern näher und ſcheinen gleich dieſen ſemitiſchen Urſprungs zu
6640 5569 8026 5614 ſein. Die Sprache der Petſcha reicht wahrſcheinlich bis zu den älte⸗
6647 5617 8026 5665 ſten Zeiten zurück und iſt vielleicht ſchon geſprochen word n, als
6645 5663 8025 5718 noch das alte Egypten exiſtirte. Thatſache iſt, daß ſich zur Zeit die
6644 5708 8025 5756 Petſchaſprache immer mehr ausbreitet, während die Caſia⸗
6643 5752 8024 5809 ſprache an Gebiet verliert. Zwiſchen beiden Sprachgruppen ein⸗
6643 5797 8023 5847 gezwängt waren in früheren Jahren noch 2 Völkerſchaften, die wahr⸗
6642 5842 8023 5894 ſcheinlich die letzten Reſte einer Urbevölkerung darſtellen. Gegen⸗
6643 5888 8023 5938 wärtig haben ſie ſich ſprachlich ganz der Hauptbevölkerung unter⸗
6643 5929 8024 5981 geordnet. Intereſſant iſt es, daß die beiden Ben⸗famo der Gruppe
6642 5977 8020 6032 als Angehörige eines dieſer Stämme des Heikotaſtammes erkannt wurden:
6643 6023 8023 6071 Alle hier anweſenden Nubier ſprechen arabiſch, wie überhaupt das
6640 6063 8023 6114 Arabiſche die Sprache des Verkehrs iſt. Einige der Nubier be⸗
6642 6114 8022 6162 herrſchen nur die arabiſche Sprache, ſo namentlich die 3 Djalin,
6640 6158 8025 6211 deren Stamm am meiſten von allen nubiſchen Stämmen mit
6640 6204 8024 6252 Negerblut vermiſcht iſt. Die Djalins zeichnen ſich auch dadurch
6641 6249 8024 6299 aus, daß ſie keine feſten Wohnſitze aufzuweiſen haben, ſondern zer⸗
6643 6293 8024 6343 ſtreut zwiſchen den einzelnen Stämmen leben. Wie nun durch die
6641 6338 8023 6389 Sprache eine Trennung in zwei Gruppen ſich ermöglichen läßt, ſo
6640 6383 8022 6435 hat ſich auch eine analoge Scheidung in Bezug auf die Körper⸗
6641 6428 8023 6484 verhältniſſe gefunden; eine weſentliche Verſchiedenheit zeigt der
6640 6475 8022 6524 Naſenindex, der bei den Petſchaſtämmen 75,5, bei den Caſia⸗
6646 6518 8022 6569 ſtämmen 62,5 beträgt. Dieſe Verſchiedenheit iſt auch die, die bei der
8112 440 9500 490 Betrachtung am erſten in die Augen fällt, da die geringeren Ab⸗
8110 486 9497 535 weichungen der Schädelform durch die Haartracht verborgen werden.
8110 531 9496 580 In Beziehung auf die Geſammtſtellung hat ſich für beide Gruppen
8111 576 9499 625 ergeben, daß ſie weit entfernt ſind, in irgend welchem Zuſammen⸗
8111 621 9500 677 hang mit den Negern zu ſtehen. Allerdings beeinträchtigt die
8109 667 9497 717 dunkle Hautfarbe den Gedanken, daß wir es hier mit uns
8109 712 9504 762 verwandteren Leuten zu thun haben ſollen, ungemein. Dieſe
8109 758 9504 808 Hautfarbe ſetzt ſich aus 2 Tönen zuſammen, einen helleren
8107 803 9503 851 Unterton, bald mehr gelb, bald mehr roth, und einen dunkleren
8110 849 9503 898 Oberton, der ſich an einzelnen Theilen intenſiv ſchwarz, an andern
8110 894 9499 943 mehr grauſchwarz, nie aber blauſchwarz wie bei den Negern zeigt.
8109 941 9506 994 Eigenthümlich iſt es, daß die Theile des Körpers, die unbedeckt ſind,
8110 986 9515 1038 alſo namentlich das Geſicht, heller wie die bedeckten ſind. Auch hier
8110 1032 9505 1079 zeigen die beiden Gruppen inſofern einen Unterſchied, als die Caſia⸗
8110 1078 9506 1125 völker etwas heller wie die Petſchaleute ſind. Wie es nun
8112 1123 9505 1170 den Anſchein hat, ſind alle nubiſchen Stämme aus Südarabien ein⸗
8104 1169 9504 1215 gewandert; wann dies freilich geſchehen iſt, wird ſich wohl ſchwer
8107 1214 9499 1261 feſtſtellen laſſen, nur ſo viel läßt ſich vermuthen, daß die Petſcha⸗
8111 1260 9499 1310 völker früher wie die Caſiavölker ihren jetzigen Wohnort betreten
8109 1305 9496 1352 haben. Profeſſor Hartmann knüpfte hieran noch einige Bemer⸗
8110 1351 9499 1400 kungen, in denen er das Geſagte im Weſentlichen beſtätigte, während
8109 1395 9254 1445 Hr. Hildebrandt Geräthe afrikaniſcher Stämme vorlegte.
8205 1490 9500 1542 Die zweite afrikaniſche Thier⸗Karawane, welche ſich
8112 1537 9502 1583 vor der bevorſtehenden Abreiſe mit der bereits hier anweſenden ver⸗
8111 1582 9504 1628 einigte und nun den impoſanten Beſtand von 31 Nubiern und einer
8112 1627 9499 1674 Nubierin repräſentirt, zeigt ſich mit dem reich vermehrten Thier⸗
8113 1671 9498 1726 beſtand bei günſtiger Witterung im Zoologiſchen Garten täglich Vor⸗
8112 1719 9498 1765 mittags von 10 bis 12 Uhr, Nachmittags von 2 Uhr ab. Beim
8112 1763 9502 1812 Dunkelwerden wird die ganze Bahn, auf der ſich die Karawane zeigt,
8111 1809 8702 1855 durch elektriſches Licht erhellt.
8208 1900 9499 1948 Bad Wildungen. Die letzte Kurliſte iſt bereits am 21. Sep⸗
8111 1944 9497 1995 tember ausgegeben worden. Sie ſchließt ab mit 1691 Nummern gegen⸗
8112 1991 9497 2040 über 1543 in 1877. Mit den Kurliſten iſt aber die Saiſon noch
8110 2036 9493 2086 nicht geſchloſſen, Bäder ſind bis zum 10. Oktober gegeben worden.
8108 2082 9498 2128 In der zweiten Hälfte September und ſogar noch Anfang Oktober
8109 2128 9500 2175 fanden ſich zu einer relativ nicht unbedeutenden Zahl alter Kur⸗
8110 2173 9501 2221 gäſte noch neue ein. Zu Anfang Oktober war außer
8110 2219 9502 2265 Deutſchland noch England, die Niederlande, Italien, ſelbſt Chile
8107 2264 9502 2312 durch einen Einwohner von Valparaiſo vertreten. Zu den 1691
8107 2310 9503 2358 Kurgäſten und Fremden haben die Niederlande 69, Rußland 41,
8107 2356 9505 2404 Amerika 26, England 21, Oeſterreich 11, Schweiz 8, Frankreich 6,
8107 2402 9501 2449 Italien 5, Schweden, Java und Belgien je 4, Porlugal 2, Spanien,
8106 2448 9212 2493 Rumänien, Dänemark und Japan je 1 Perſon geſtellt.
8203 2493 9499 2547 Die Kur war, wenn ſie auch nicht alle Theile befriedigt hat,
8107 2539 9499 2586 doch im Ganzen eine gute zu nennen, was nicht von vielen Bädern
8108 2585 8498 2631 geſagt werden kann.
8203 2630 9501 2682 Durch eine neue wohlgelungene Muſiktribüne, deren Akuſtik
8103 2676 9494 2724 ausgezeichnet iſt, hat unſer Bad eine weitere Verſchönerung er⸗
8103 2720 8238 2769 halten.
8203 2766 9502 2814 Die Kaiſerliche Ober⸗Poſtdirektion zu Caſſel, welche die Be⸗
8109 2814 9495 2863 deutung der immer ſteigenden Frequenz unſeres Bades richtig er⸗
8109 2859 9493 2905 kannt, hat neben dem Poſt⸗ und Telegraphen⸗Amt in Stadt Wil⸗
8109 2905 9494 2956 dungen zu Anfang Juli im Badelogirhauſe ein Poſt⸗ und Tele⸗
8107 2950 9496 2999 graphen⸗Bureau eingerichtet und läßt die Fahrpoſten bis zu demſel⸗
8102 2995 9495 3043 ben gehen. Dieſe neue Einrichtung iſt allgemein mit lebhaftem
8110 3041 9495 3089 Danke aufgenommen. Wie wir hören, liegt es in der Abſicht der
8110 3087 9498 3140 Badeverwaltung für das nächſte Jahr ein eignes Poſtgebäude in der
8110 3133 8904 3178 Nähe des Bade⸗Logirhauſes zu erbauen.
8205 3178 9496 3225 Am 15. S ptember machten von Caſſel aus gegen 125 Mit⸗
8107 3223 9497 3271 glieder der daſelbſt tagenden Verſammlung der Naturforſcher und
8106 3269 9498 3317 Aerzte in Folge ergangener Einladung einen Abſtecher nach Wildungen.
8112 3315 9497 3361 Alle Theilnehmer waren von der Gegend, den Quellen, den Bade⸗
8112 3360 9503 3407 einrichtungen ꝛc. ſehr befriedigt. Ihre Erwartungen waren nach allen
8112 3400 9500 3450 Seiten hin weit übertroffen worden. Das ſchönſte Wetter begün⸗
8113 3449 8483 3497 ſtigte den Ausflug.
8209 3495 9504 3542 Das Projekt einer Sekundärbahn von Wildungen nach Station
8113 3540 9505 3589 Wabern — Main⸗Weſer⸗Bahn — ſcheint in ein günſtiges Stadium
8111 3586 9498 3634 getreten ſein. Der Königliche Regierungs⸗ und Baurath Lange zu
8105 3630 9496 3678 Caſſel hat das Projekt geprüft, für rentabel erklärt und in die Hand
8109 3677 9499 3725 genommen. Das Unternehmen hat hierdurch einen neuen Aufſchwung
8102 3722 9499 3771 genommen, und iſt die Hoffnung gegründet, die Bahn bald gebaut
8103 3765 8276 3812 zu ſehen.
8203 3858 9496 3905 Mons, 19. Oktober. (W. T. B.) Unter den Arbeitern in
8106 3903 9498 3952 den hieſigen Steinbrüchen iſt ein Strike ausgebrochen. Eine
8107 3948 9502 3996 Abtheilung Gensd'armerie hat ſich bereits nach dem betreffenden
8101 3990 9492 4043 Diſtrikt begeben, auch haben Linientruppen den Befehl zum Abmarſch
8108 4037 8272 4079 erhalten.
8203 4128 9498 4184 London, 21. Oktober. (W. T. B.) Bei einem am Sonn⸗
8108 4175 9498 4227 abend bei Pontyprid (?) ſtattgehabten Eiſenbahnunfall ſind 12
8108 4224 9140 4269 Perſonen getödtet und einige 40 verwundet worden.
8202 4326 9501 4373 Stockholm, 17. Oktober. (Hamb. Korr.) Von der Norden⸗
8107 4372 9501 4418 ſkjöldſchen Expedition erhielt das Marine⸗Miniſterium geſtern
8106 4417 9503 4470 Abend aus Irkutſk ein Telegramm folgenden Inhalts: „Wir trafen am
8107 4463 9496 4509 27. Auguſt vor dem Lenaſtrom ein. Die Reiſe oſtwärts wird ohne
8107 4509 9499 4556 Aufenthalt fortgeſetzt. Hoffen die Behringsſtraße in dieſem Jahre
8106 4553 9499 4599 zu erreichen. Das Meer iſt faſt eisfrei. Alles wohl. Palander.“ Der
8109 4599 9499 4645 Abſender des Telegramms, Hr. Palander, iſt Marine⸗Offizier, und
8107 4645 9498 4692 vom König ernannter Führer des Nordenſkjöldſchen Expeditions⸗
8107 4689 9497 4737 ſchiffes „Vega“. Dieſe kurze telegraphiſche Meldung iſt von
8107 4735 9490 4786 hoher Bedeutung. Die Mündung des Lena liegt ein gut Stück
8107 4781 9489 4827 Weges öſtlich vom Cap Tſcheljuſkin, welches Profeſſor Nordenſkjöld
8107 4822 9494 4873 als am ſchwierigſten zu paſſirende Stelle auf der ganzen Nordoſt⸗
8107 4871 9488 4918 Paſſage bezeichnet hat. Die Nordenſkjöldſche Expedition hat ſomit
8105 4917 9491 4960 bisher einen über Erwarten günſtigen Verlauf genommen, und wenn
8105 4961 9488 5008 dieſelbe, wie Nordenſkjöld hofft, vor Ende September die Behrings⸗
8107 5006 9486 5054 ſtraße erreicht, wird man binnen nicht recht langer Zeit aus einem
8103 5049 9489 5099 oſtaſiatiſchen oder japaniſchen Hafen die Mittheilung erwarten
8103 5097 9488 5144 dürfen, daß Nordenſkjöld die große geographiſche Aufgabe: die ſo viel
8107 5141 9090 5189 beſprochene Nordoſt⸗Paſſage zu finden, gelöſt hat.
8195 5239 9489 5295 Das Friedrich⸗Wilhelmſtädtiſche Theater begeht
8100 5289 9488 5335 in nächſter Zeit die Feier der 300. Aufführung der unverwüſtlichen
8098 5334 9488 5385 Straußſchen Operette „Die Fledermaus“. Derſelben wird eine vom
8097 5379 9486 5426 Kapellmeiſter Arno Kleffel eigens für dieſen Tag komponirte Ouver⸗
8096 5424 9487 5472 türe vorangehen, in welcher ein Potpourri aus ſämmtlichen hier zur
8096 5470 9480 5517 Aufführung gelangten Straußſchen Opern und Operetten zu einem
8096 5514 8665 5561 Melodienkranze vereinigt iſt.
8172 5560 9486 5607 — Die italieniſchen Opernvorſtellungen im Kroll⸗
8095 5604 9481 5654 ſchen Theater gewinnen mit jedem Tage mehr die Gunſt des
8094 5649 9484 5698 Publikums. Die vierte Wiederholung der Verdi'ſchen Oper „Die
8094 5695 9484 5742 Macht des Schickſals“ ging geſtern, Sonntag, unter vielem Beifall
8092 5740 9482 5790 in Scene. Morgen findet auf vielſeitiges Verlangen eine Wieder⸗
8092 5785 9482 5834 holung von „La Traviata“ mit Sigra. Saurel in der Titelrolle ſtatt.
8175 5830 9481 5884 — Morgen tritt Hr. Herrmann Karlowa zum 3. Male im
8091 5877 9173 5925 National⸗Theater und zwar als „Othello“ auf.
8189 5978 9482 6027 Die unterhaltenden Soiréen des Phyſikers Hrn. Bött⸗
8094 6024 9482 6072 cher im Konzertſaale des Königlichen Schauſpielhauſes bieten in
8092 6070 9483 6117 dieſer Woche ein neues, intereſſantes Programm, indem der erſte Akt
8091 6114 9481 6160 d s Abends eine Wanderung durch Unter⸗Italien illuſtrirt, die vor⸗
8091 6160 9482 6208 nehmlich durch jene Gegenden geht, in denen die lieblichſten Landſchafts⸗
8092 6205 9480 6253 gefilde mit den Kampfplätzen unterirdiſcher Naturgewalten ſtetig
8092 6250 9479 6306 wechſeln. Das vulkaniſche Sizilien ſowie die weitere und engere Um⸗
8092 6295 9477 6343 gebung Neapels bilden den Höhepunkt dieſer romantiſchen Exkurſion,
8091 6340 9477 6388 die ſchließlich in einem Beſuche Pompejis gipfelt, deſſen neuerdings
8091 6386 9474 6434 aufgegrabene Architekturen von ſpannendem Intereſſe ſind. Der
8090 6430 9475 6480 zweite Akt illuſtrirt das Weſen der großen Planeten, namentlich der
8090 6475 9477 6525 Sonne, deren phyſikaliſche Verhältniſſe und zeitiger Zuſtand auf
8090 6522 9273 6571 Grund der Reſultate der Spekralanalyſe dargelegt werden.
