10256 7232
930 361 2230 442 Württemberg. Stuttgart, 20. Oktober. (W. T. B.)
830 409 2227 484 In einer Korreſpondenz des „Staatsanzeigers für Württem⸗
825 461 2226 542 berg“ aus Berlin heißt es bezüglich des Bundesraths⸗
826 513 2224 599 Ausſchuſſes für die Auswärtigen Angelegenheiten,
824 564 2222 642 der Stellvertreter des Reichskanzlers, Graf Stolberg, habe
818 616 2219 692 dem Ausſchuſſe mündliche Mittheilungen gemacht, welche als
813 672 2219 747 vertrauliche behandelt würden. Es ſei deshalb eine Bericht⸗
815 718 2219 799 erſtattung an das Plenum des Bundesraths derzeit nicht be⸗
807 776 1009 828 abſichtigt.
929 851 2214 926 Baden. Baden⸗Baden, 21. Oktober. (W. T. B.)
820 901 2211 977 Die Fürſtin Eliſabeth von Rumänien iſt hier ange⸗
817 952 2150 1026 kommen und in dem Großherzoglichen Schloſſe abgeſtiegen.
920 1028 2202 1102 Bremen, 18. Oktober. (Weſ. Ztg.) Der Senat hat
810 1078 2207 1150 der Bürgerſchaft unter Vorbehalt ſeiner Beſchlüſſe einen Be⸗
812 1129 2203 1204 richt der Deputation für Häfen und Eiſenbahnen zugehen
809 1180 2207 1260 laſſen, welcher den Bau eines neuen Winterhafens für
801 1231 1770 1299 Unterweſerfahrzeuge und Seeſchiffe betrifft.
904 1321 2197 1396 Elſaß⸗Lothringen. Straßburg, 20. Oktober. (W.
801 1369 2199 1446 T. B.) Ihre Kaiſerliche Hoheit die Großfürſtin Catha⸗
804 1421 2196 1498 rina von Rußland, Wittwe des Herzogs Georg von
798 1472 2196 1548 Mecklenburg⸗Strelitz, iſt heute, von Paris kommend, mit
799 1524 2195 1596 ihren Kindern hier eingetroffen, am Bahnhofe von dem Statt⸗
799 1575 2193 1654 halter, General⸗Feldmarſchall Frhrn. von Manteuffel, empfan⸗
799 1630 2191 1706 gen worden und wird hier einige Tage verweilen. Der Sohn
795 1676 2189 1759 Derſelben, Herzog Georg, verbleibt hier, um die hieſige Hoch⸗
782 1729 1185 1789 ſchule zu beſuchen.
893 1935 2182 2011 Oeſterreich⸗Ungarn. Wien, 20. Oktober. (W. T. B.) Die
783 1985 2180 2059 amtliche „Wiener Zeitung“ veröffentlicht eine Miniſterial⸗
785 2038 2178 2106 verordnung vom 8. d. M., nach welcher Reben und
785 2086 2177 2166 Rebenbeſtandtheile aus dem Auslande nicht eingeführt
781 2140 2174 2216 werden dürfen. — Die Verfaſſungspartei wählte heute das
778 2190 2173 2269 Comité von 21 Mitgliedern, welches die Berathungen und
774 2241 2170 2321 Beſchlußfaſſungen vorbereiten ſoll, in Gemäßheit der zwiſchen
773 2294 2167 2371 den beiden Klubs vereinbarten Kandidatenliſte. Zum Ob⸗
771 2350 2169 2420 manne des Comités wurde Rechbauer gewählt. Die Ver⸗
774 2396 2167 2476 ſammlung nahm die Kandidatenliſte für die morgen ſtatt⸗
770 2448 2165 2527 findenden Ausſchußwahlen an, lehnte es jedoch ab, betreffs der
764 2499 2163 2580 Wahl für die Staatsſchuldenkommiſſion einen Kompromiß ein⸗
755 2555 931 2603 zugehen.
858 2607 2158 2683 — Der „Polit. Correſp.“ wird aus Konſtantinopel
759 2653 2157 2736 beſtätigt, daß die griechiſchen Bevollmächtigten in der letzten
755 2705 2155 2784 Konferenz der Grenzregulirungs⸗Kommiſſion er⸗
754 2758 2154 2838 klärten, von der Deklaration der türkiſchen Kommiſſäre
753 2809 2153 2887 bezüglich des 13. Kongreßprotokolls Akt zu nehmen. Die
755 2862 2151 2942 griechiſchen Kommiſſäre hätten die türkiſchen auf⸗
751 2913 2151 2992 gefordert, die Grenzlinie anzugeben, welche ſie anſtatt
749 2966 2146 3041 der im 13. Protokoll angegebenen zugeſtehen wollten.
741 3016 2148 3095 Die türkiſchen Bevollmächtigten erklärten, ſie ſeien nur
746 3069 2146 3149 ermächtigt, über die in dem Kongreßprotokoll erwähnte
745 3119 2144 3201 Grenzlinie zu diskutiren, und erſuchten die griechiſchen
746 3170 2141 3252 Delegirten, die Diskuſſion hierüber zu eröffnen. Letztere gaben
740 3223 2140 3305 indeſſen vor, zuvor ihrer Regierung Bericht erſtatten zu
747 3276 2136 3353 müſſen; in Folge deſſen wurde die Konferenz bis zum 20. d.
740 3330 2138 3408 vertagt. — Weiter wird der „Polit. Correſp.“ aus Konſtan⸗
734 3375 2136 3455 tinopel gemeldet, in Folge des Miniſterwechſels dürfte Savas
732 3428 2135 3508 Paſcha zum erſten Bevollmächtigten für die Verhandlungen
734 3485 2139 3563 mit Griechenland ernannt werden. — Der montenegriniſche
731 3530 2135 3616 Miniſter des Auswärtigen, Radonic, ſoll der Pforte notifizirt
729 3583 2132 3662 haben, daß 15 000 Montenegriner Guſinje und Plava
729 3633 2131 3711 beſetzen würden, wenn dieſe Orte nicht bis zum 27. d. M.
727 3684 2031 3759 freiwillig von den türkiſchen Behörden übergeben würden.
828 3741 2127 3811 — 21. Oktober. Die vom Herrenhauſe in Beant⸗
734 3793 2126 3870 wortung der Thronrede zu erlaſſende Adreſſe liegt jetzt
731 3840 2125 3918 in einem Entwurfe der Majorität und einem ſolchen der
719 3891 2120 3973 Minorität vor. Der Entwurf der Majorität begrüßt den
721 3943 2120 4024 Eintritt der Czechen in den Reichsrath mit Befriedigung, erblickt
727 3994 2119 4070 hierin eine Stärkung der Reichsvertretung und eine An⸗
722 4047 2117 4129 erkennung des Rechtsbodens der Verfaſſung und hofft, daß
721 4096 2122 4179 die gemeinſame Thätigkeit Aller eine Einheit der Ueber⸗
714 4155 2116 4231 zeugung auch rückſichtlich jener Verfaſſungsprinzipien herbei⸗
722 4201 2114 4282 führen werde, welche das Herrenhaus ſeit ſeinem Beſtehen ver⸗
718 4255 2114 4335 treten habe. Der Entwurf betont ſchließlich, die Erfüllung der
713 4307 2111 4386 patriotiſchen Obliegenheiten könne gefordert werden, wenn
715 4357 2111 4438 jeder andere Wunſch der Wohlfahrt und der Kraft des Reiches
709 4411 2110 4491 untergeordnet würde. — Der Minoritätsentwurf, welcher
709 4459 2109 4544 im Weſentlichen die einzelnen Sätze der Thronrede beſpricht,
710 4511 2107 4594 erkennt in dem freudig begrüßten Eintritt der Czechen
704 4563 2107 4647 einen entſcheidenden Schritt auf dem Wege der ſehnlich
708 4616 2106 4698 erwünſchten Verſtändigung und Verſöhnung und ein Zu⸗
705 4669 2105 4742 ſammenwirken aller Völker auf dem gemeinſamen Boden der
707 4717 2103 4801 Verfaſſung. — Das „Fremdenblatt“ bemerkt, beide Adreß⸗
702 4772 2101 4846 entwürfe trügen den Stempel der Mäßigung und des Ent⸗
693 4823 2099 4904 gegenkommens und hätten offenbar das Beſtreben, jedem
700 4872 2097 4955 Konflikte den Boden zu entziehen. Die Stellen bezüglich des
697 4923 2096 5005 Eintritts der Czechen bildeten den eigentlichen Unterſchied der
697 4975 2094 5062 beiden Entwürfe, doch werde man in denſelben unmöglich
697 5027 1730 5094 einen prinzipiellen Gegenſatz entdecken können.
802 5079 2091 5164 Peſt, 20. Oktober. Der Ausſchuß zur Vorberathung
694 5130 2091 5208 der Vorlagen über die Verwaltung Bosniens und der
698 5181 2088 5259 Herzegowina hat die Vorlage im Allgemeinen und im
692 5232 2088 5321 Beſonderen angenommen. Szilagi meldete ein Separat⸗
677 5284 913 5330 votum an.
796 5374 2081 5448 Großbritannien und Irland. London, 18. Oktober.
676 5419 2079 5500 (Allg. Corr.) Der Spezialkorreſpondent des „Standard“ in
680 5472 2080 5557 Kabul ſchildert die Beſetzung Kabuls in einem Tele⸗
678 5531 1482 5592 gramm vom 12. Oktober wie folgt:
780 5581 2075 5653 „Heute fand die große Ceremonie der formellen Beſetzung
676 5619 2076 5699 Kabuls ſtatt. Um 11 Uhr Morgens war die ganze Feldſtreitkraft
679 5668 2074 5740 auf beiden Seiten der breiten, nach dem Bala Hiſſar führenden
679 5711 2073 5796 Straße in Parade aufgeſtellt. Zunächſt dem Thore war das 67. Fuß⸗
678 5758 2072 5833 Regiment ſtationirt. Dann folgten: die reitende Artillerie, das
680 5804 2070 5888 72. und 92. Hochländer⸗Regiment, die Feld⸗Artillerie, die Gatling⸗
682 5849 2070 5926 kanonen, die Sappeurs, das 5. Punjab⸗Infanterie⸗Regiment, die
675 5894 2067 5973 Berg⸗Batterie, das 23. Punjab⸗Pionier⸗Regiment, das 28. einge⸗
674 5940 2064 6019 borene Infanterie⸗Regiment, die 9. Lanciers, das 5. und 12. Punjab⸗
673 5986 2067 6064 Kavallerie⸗Regiment und die 14. Lanciers, die eine höchſt impo⸗
670 6032 2062 6113 ſante Doppellinie bildeten. Um Mittag ritt General Roberts,
669 6076 2061 6160 begleitet von ſeinem ganzen Stabe, ſämmtlichen eingeborenen
667 6121 2059 6207 Chefs und einer Kavallerie⸗Escorte, langſam vom Lager
666 6168 2058 6248 die Straße hinab durch das Truppenſpalier. Die Kapellen
670 6214 2057 6289 ſpielten, und die Truppen ſalutirten. Als der Zug ſich dann Bala
662 6259 2056 6341 Hiſſar näherte, begann die Artillerie ihren Salut von 31 Schüſſen,
661 6306 2056 6385 der ſein Ende erreichte, als die Spitze des Zuges durch das Thor in
658 6352 2054 6425 den Bala Hiſſar einritt. Geführt von zahlreichen Sirdars, worunter
658 6399 2053 6480 des Emirs Neffe und Sohn, ſowie Padiſcha Khan, der Ghilzai⸗
657 6443 2050 6517 häuptling, ſich befanden, langte die Prozeſſion am Garten des Emirs
658 6490 2050 6572 an. Auf ſeinem Wege paſſirte der Zug den Schauplatz des Maſſacres.
2306 390 3698 454 Das Geſandtſchaftsgebäude liegt in Ruinen; ſeine Mauern und die
2303 437 3696 506 der umliegenden Gebäude ſind beſäet mit Kugelſpuren, und auf dem
2309 481 3696 550 Boden liegen Lappen, Equipirungsſtücke und andere Ueberbleibſel
2301 527 3692 596 des Kampfes. General Roberts betrat in Begleitung ſeines
2298 573 3691 638 Stabes den Palaſt und erſchien in wenigen Minuten an einem
2299 617 3691 683 Fenſter nach dem Garten hinaus, wo ſich auf Befehl des Emirs eine
2297 665 3691 730 große Volkemaſſe verſammelt hatte. Jakub Khan ſelbſt war krank
2290 710 3688 779 und bat, ſein Nichterſcheinen bei der Ceremonie damit zu entſchul⸗
2288 755 3684 826 digen. General Roberts hielt alsdann an die Menge eine Anſprache,
2287 801 3682 866 die in kurzen Zwiſchenräumen, von den Sirdars zuerſt ins Kabule⸗
2285 847 3681 911 ſiſche und dann ins Perſiſche überſetzt, dem verſammelten Volke mit⸗
2284 893 3680 962 getheilt wurde. Dieſelbe lautete: „Volk von Kabul! Anfangs Ok⸗
2283 938 3678 1010 tober erließ ich eine Proklamation an Euch, worin ich Euch ſagte,
2281 984 3676 1058 daß eine britiſche Armee im Anmarſche ſei, um Kabul zu beſetzen,
2280 1031 3678 1097 und Euch warnte, daß Jeder, der dem Vorrücken der Armee
2278 1075 3675 1140 Widerſtand leiſten ſollte, als ein Rebell gegen die Autorität des
2278 1121 3672 1186 Emirs behandelt werden würde. Trotz dieſer Warnung iſt dem
2275 1167 3672 1234 Vorrücken der Armee von dem afghaniſchen Volke, insbeſondere
2275 1215 3670 1284 von der Bevölkerung Kabuls, ein hartnäckiger Widerſtand entgegen⸗
2276 1258 3670 1325 geſetzt worden. Als Wiedervergeltung hierfür würde es nur gerecht
2271 1304 3667 1375 ſein, wenn Kabul dem Erdboden gleichgemacht würde. Die große
2277 1350 3666 1418 britiſche Regierung indeß will Gnade und Mitleid üben und hat die
2273 1395 3664 1464 Schonung Kabuls dekretirt. Es iſt jedoch nothwendig, daß eine
2268 1442 3663 1513 ernſte Züchtigung verhängt werde. Es iſt beſchloſſen worden, daß die
2267 1487 3660 1558 Gebäulichkeiten des Bala Hiſſar und in der Stadt diejenigen, welche
2265 1531 3663 1607 eine gehörige militäriſche Beſatzung verhindern, zerſtört werden. Eine
2264 1579 3657 1648 ſchwere Kontribution, deren Höhe ſpäter beſtimmt werden ſoll, wird
2262 1625 3657 1694 den Bürgern auferlegt werden. Es wird ein Militärgouverneur
2264 1671 3653 1737 über die Stadt und einen Radius von zehn Meilen ernannt werden.
2260 1717 3652 1790 Dieſer Diſtrikt wird unter Belagerungszuſtand geſtellt werden,
2260 1766 3644 1833 und von Jedermann die Ablieferung der Waffen verlangt werden
2257 1808 3651 1879 Jedermann, der innerhalb dieſes Diſtrikts binnen einer Woche
2256 1856 3647 1928 von heute ab bewaffnet angetroffen wird, verfällt der Todesſtrafe.
2254 1900 3647 1971 Alle Perſonen, in deren Beſitz ſich Eigenthum der früheren
2252 1946 3645 2020 Geſandtſchaft befindet, werden aufgefordert, daſſelbe unverzüglich
2255 1992 3647 2067 bei Vermeidung der ſtrengſten Strafen abzuliefern. Eine Be⸗
2249 2039 3642 2107 lohnung von 50 Rupien wird für die Anzeige und Ueber⸗
2248 2085 3640 2154 führung eines jeden Individuums gezahlt werden, das ſich an dem
2248 2131 3638 2204 jüngſten feigen Maſſacre betheiligt hat, welches einen ewigen Flecken
2245 2179 3638 2249 auf dem afghaniſchen Namen hinterläßt. Dieſe Belohnung wird für
2243 2223 3636 2293 einen Subalternoffizier oder Kapitän auf 75 Rupien und für einen
2239 2267 3635 2341 Feldoffizier auf 125 Rupien erhöht. Für jedes abgelieferte engliſche
2240 2317 3637 2391 Gewehr werden 3 Rupien gezahlt werden. Die eingebornen Truppen
2237 2362 3633 2431 werden morgen durch die Stadt marſchiren, und die Anweſenheit der
2236 2406 3630 2480 Sindars iſt anbefohlen.“ — Nach Beendigung dieſer Anſprache begab
2233 2451 3629 2525 ſich der General und ſein Stab nach dem Lager, und die Truppen
2233 2498 3626 2566 kehrten in ihre Quartiere zurück. Die 5. Ghurkas und das 67. Re⸗
2230 2545 3625 2614 giment haben den Bala Hiſſar beſetzt. Das 5. Punjab⸗Kavallerie⸗
2227 2591 3624 2662 Regiment ſteht im Fort Sherakote, woſelbſt, ſowie in den umliegen⸗
2229 2636 3624 2704 den Dörfern Hunderte von Gewehren und Maſſen von Militär⸗
2224 2682 3096 2747 equipirungsſtücken geſammelt worden ſind.“
2329 2767 3620 2840 Frankreich. Paris, 19. Oktober. (Fr. C.) Das
2223 2815 3620 2895 „Journal officiel“ veröffentlicht eine Note, der zufolge
2221 2866 3619 2947 der zwiſchen Frankreich und Belgien unter dem 23. Juli
2221 2921 3616 3004 1873 geſchloſſene Handels⸗ und Schiffahrtsvertrag,
2218 2971 3615 3051 wie ſchon zuvor der franzöſiſch⸗engliſche, vorbehaltlich der Zu⸗
2216 3022 3614 3094 ſtimmung der belgiſchen Kammern, auf ſechs Monate vom
2216 3074 3611 3152 Tage der Promulgirung des neuen franzöſiſchen allgemeinen
2213 3121 2806 3189 Zolltarifs verlängert wird.
2318 3179 3609 3254 Der Präſident der Republik empfing geſtern in
2212 3229 3609 3307 Gegenwart der Miniſter Waddington und Leon Say die Mit⸗
2211 3281 3608 3357 glieder des franzöſiſchen Comités zur Anbahnung eines fran⸗
2207 3331 3606 3411 zöſiſch⸗amerikaniſchen Handelsvertrags. Der Präſi⸗
2206 3383 3605 3461 dent ſchloß die Unterredung mit den Worten: „Wir wollen
2205 3435 3604 3514 das Ziel, welches Sie ſich vorgeſteckt haben, vereint zu er⸗
2206 3485 2578 3548 reichen tr chten.“
2302 3553 2592 3617 Rumänien.
2765 3566 3602 3647 kareſt, 20. Oktober. (W. T. B.)
2199 3610 3600 3685 In der heutigen Sitzung des Senates legte der Miniſter
2199 3662 3598 3736 des Auswärtigen, Boerescu, das am 18. d. von der De⸗
2199 3715 3596 3796 putirtenkammer votirte Reviſionsgeſetz vor. Die Vorlage
2198 3767 3595 3848 wurde ſofort an die Sektionen vertheilt und ſoll morgen zur
2195 3816 2639 3873 Berathung kommen.
2298 3906 3589 3979 Rußland und Polen. St. Petersburg, 21. Oktober.
2193 3954 3590 4042 (W. T. B.) Der „Regierungsbote“ veröffentlicht zwei
2189 4006 3590 4092 Kaiſerliche Erlaſſe, durch welche anläßlich des 25jäh⸗
2188 4057 3589 4138 rigen Gedenktages des Bombardements von Sebaſtopol der
2187 4109 3587 4190 General Totleben in den ruſſiſchen Reichsgrafenſtand er⸗
2186 4162 3585 4237 hoben und dem Admiral Nowoſſilsky der Andreasorden
2184 4213 2519 4265 verliehen wird.
2289 4267 3583 4345 Das „Journal de St. Pétersbourg“ konſtatirt
2189 4315 3580 4399 die Unwahrheit der von den „Daily News“ gebrachten
2182 4368 3580 4449 Meldung, daß das engliſche Kabinet an die ruſſiſche Regie⸗
2179 4423 3578 4500 rung die Mittheilung habe gelangen laſſen, der engliſche Ein⸗
2180 4469 3575 4559 fluß müſſe in Afghaniſtan hinſichtlich der auswärtigen
2179 4522 2996 4590 Beziehungen der vorherrſchende ſein.
2284 4576 3576 4661 Dem „Golos“ zufolge wären die geſammten Staats⸗
2178 4625 3576 4711 einnahmen des Zollamtes für das Jahr 1880 auf
2174 4679 3574 4757 84 821 200 Rbl. veranſchlagt worden, und verbliebe, nach Ab⸗
2176 4731 3572 4808 zug der Erhebungsunkoſten mit 7 112 591 Rbl, ein Rein⸗
2175 4782 3572 4863 ertrag von 77 708 609 Rbl.; der Ertrag der Einfuhrzölle ſei
2172 4832 3567 4909 auf 83 Millionen, derjenige der Ausfuhrzölle auf 337 000 Rbl.
2170 4883 2548 4936 berechnet worden.
2272 4961 3564 5040 Dänemark. Kopenhagen, 18. Oktober. (Hamb.
2167 5008 3565 5089 Nachr.) Die Hauptvorlagen der diesjährigen Seſſion des
2166 5060 3564 5144 Reichstages ſind die Gehaltsgeſetze, das Schulgeſetz, die
2165 5112 3563 5194 Militärgeſetze und die Pläne der Regierung zur Aufhülfe der
2162 5163 2536 5222 Inſel St. Croix.
2481 5375 3250 5431 Erſte ordentliche General⸗Synode.
2246 5436 3554 5507 Berlin, 21. Oktober. Die geſtrige Sitzung der General⸗
2156 5480 3550 5552 Synode wurde um 12 ¾ Uhr von dem Präſidenten Grafen von Arnim⸗
2152 5526 3549 5608 Boitzenburg eröffnet. Der General⸗Superintendent Dr. Jaspis
2152 5570 3548 5655 (Stettin) ſprach das Gebet. Der Präſident theilte hierauf mit,
2147 5617 3548 5691 daß Se. Kaiſerliche und Königliche Hoheit der Kronprinz für die
2147 5661 3548 5740 Höchſtdemſelben überſandten Geburtstagsglückwünſche der General⸗
2149 5707 3547 5790 Synode Seinen Dank habe übermitteln laſſen. Hierauf gelangte folgen⸗
2146 5754 3541 5831 der Antrag der Synodalen Stöcker, Tauſcher u. A. zur Berathung: Hoch⸗
2145 5799 3541 5875 würdige General⸗Synode wolle beſchließen: „In Erwägung, daß ein
2145 5845 3538 5927 großer Theil der Beſtimmungen der Inſtruktion des Evangeliſchen
2144 5888 3540 5969 Ober⸗Kirchenrathes vom 31. Oktober 1873 ſich nur auf die erſte Ein⸗
2141 5933 3537 6016 führung der Kirchengemeinde⸗ und Synodalordnung vom 10. Sep⸗
2140 5980 3536 6059 tember 1873 bezieht und gegenwärtig nicht mehr zutreffend iſt; in
2140 6023 3539 6113 fernerer Erwägung, daß ſeit Einführung der neuen kirchlichen Ver⸗
2138 6071 3535 6149 faſſung vielfache Erfahrungen gemacht worden ſind, welche, ab⸗
2137 6117 3531 6197 geſehen von den beiden Nachtrags⸗Inſtruktionen des Evangeliſchen
2137 6162 3533 6244 Ober⸗Kirchenrathes vom 20. Juni und 23. Dezember 1874, Ergän⸗
2136 6213 3529 6290 zungen der Inſtruktion vom 31. Oktober 1873 nöthig gemacht haben,
2130 6256 3526 6328 und in einer Reihe von Verfügungen des Evangeliſchen Ober⸗
2130 6299 3527 6382 Kirchenrathes und der Königlichen Konſiſtorien niedergelegt ſind;
2133 6344 3527 6429 endlich in Erwägung, daß das Kirchengeſetz, betreffend die Ver⸗
2132 6388 3526 6474 letzung kirchlicher Pflichten in Bezug auf Taufe, Konfirma⸗
2127 6436 3521 6512 tion und Trauung, aufs Neue weſentliche Ergänzungen bezw. Aen⸗
2123 6481 3521 6563 derungen der Inſtruktion vom 31. Oktober 1873 nothwendig macht:
2123 6526 3526 6608 beantragt die erſte ordentliche General⸗Synode bei dem Hochwürdigen
3773 417 5136 506 Evangeliſchen Ober⸗Kirchenrath, daß Hochderſelbe zur Kirchen⸗
3774 464 5134 554 gemeinde⸗ und Synodalordnung vom 10. September 1873 eine
3767 511 5131 599 neue Inſtruktion erlaſſen wolle, welche unter Aufhebung der
3766 553 5129 643 bisherigen hierauf bezüglichen Erlaſſe und Anordnungen 1) alle zur Aus⸗
3765 600 5133 700 führung und Erläuterung der Kirchengemeinde⸗ und Synodalordnung
3763 645 5132 738 bisher ergangenen Beſtimmungen zuſammenfaßt, die in Zukunft noch an⸗
3761 693 5132 784 wendbar und nothwendig und in den drei vorgenannten Inſtruktionen
3761 737 5127 834 des Evangeliſchen Ober⸗Kirchenraths, ſowie in den ſpäteren darauf
3760 782 5124 868 bezüglichen einzelnen oberkirchenräthlichen Erlaſſen und Konſiſtorial⸗
3759 830 5122 917 verfügungen enthalten ſind; 2) von einer Erläuterung der ſogenann⸗
3757 875 5123 962 ten Qualifikationsbeſtimmungen in §. 34 und §. 35 der
3754 920 5125 1014 Kirchengemeinde⸗ und Synodalordnung Abſtand nimmt;
3754 967 5122 1056 3) bei Ergänzung beziehungsweiſe Aufſtellung der kirch⸗
3753 1013 5118 1108 lichen Wählerliſte fernerhin nur eine mündliche Anmeldung zuläßt;
3751 1058 5118 1143 4) als Termin zur Vollziehung der kirchlichen Gemeindewahlen für die
3749 1103 5115 1186 ſechs öſtlichen Provinzen einen der Sonntage zwiſchen dem Ernte⸗
3748 1150 5116 1234 dankfeſte und dem Todtenfeſte und als Termin für den Beginn der
3749 1195 5113 1280 Amtsthätigkeit der Mitglieder der kirchlichen Gemeindeorgane den
3747 1243 4672 1305 auf ihre Wahl folgenden 1. Januar feſtſetzt.“
3801 1287 5112 1371 . In der Diskuſſion erklärte der Präſident des Evangeliſchen
3744 1332 5110 1420 Ober⸗Kirchenraths, Dr. Hermes, daß das Kirchenregiment ſich zu
3743 1379 5113 1461 dieſen Anträgen prinzipiell nicht ablehnend verhalte. Die gegen⸗
3747 1425 5110 1516 wärtige Inſtruktion ſei erlaſſen worden in einer Zeit, wo es darauf
3740 1471 5104 1554 angekommen ſei, ſchleunig eine Inſtruktion zu Stande zu bringen.
3741 1516 5109 1609 Es ſeien dadurch ſo manche Mängel entſtanden, auf deren Abſtellung
3738 1562 5104 1646 das Kirchenregiment bei einer, in Gemeinſchaft mit dem General⸗
3735 1607 5103 1691 Synodalvorſtande in Ausſicht genommenen Reviſion bedacht ſein
3735 1657 5103 1736 werde. Das Kirchenregiment werde alsdann auf die in dem
3734 1700 5101 1784 Antrage und auch hier mündlich geäußerten Wünſche
3732 1746 5100 1826 ſo weit als möglich Rückſicht nehmen. Die Synodalen
3734 1792 5098 1871 Kögel, Hegel, Schultze, Schrader und Genoſſen ſtellten folgenden An⸗
3732 1838 5100 1923 trag: „In Erwägung, daß der Vertreter des Kirchenregiments die
3735 1883 5096 1965 Nothwendigkeit einer Aenderung der Inſtruktion anerkannt, und in
3728 1930 5097 2010 Ausſicht geſtellt hat, bei Gelegenheit der demnächſtigen Reviſion die
3726 1975 5093 2054 Wünſche der Antragſteller zu berückſichtigen, geht die General⸗
3725 2021 5094 2107 Synode über den Antrag Stöcker, Tauſcher und Genoſſen
3724 2070 5093 2153 zur Tagesordnung über.“ Der Paſtor Heermann (Marienburg)
3725 2114 5090 2198 beantragte: „Die General⸗Synode beſchließt: In Erwägung, daß
3725 2161 5091 2238 Gründe zur Aenderung der Inſtruktion der Kirchengemeinde⸗ und
3725 2206 5090 2284 Synodalordnung nicht vorliegen, geht die General⸗Synode
3726 2252 5089 2332 über den Antrag Stöcker⸗Tauſcher zur Tagesordnung über.“
3724 2299 5089 2377 Bei der Abſtimmung wurde der Antrag Kögel, Hegel und Ge⸗
3719 2345 5088 2421 noſſen mit großer Mehrheit angenommen. Auf Antrag der
3719 2390 5087 2467 Finanzkommiſſion wurde noch beſchloſſen: „Beurlaubten Mitgliedern
3711 2437 5087 2518 ſind nur, wenn ſie in Berlin krank darniederliegen, Diäten zu ge⸗
3709 2479 3880 2528 währen.“
3802 2531 5083 2603 Die heutige Sitzung der General⸗Synode eröffnete der Prä⸗
3711 2574 5082 2655 ſident gegen 12 ½ Uhr. Der Feldpropſt und Ober⸗Konſiſtorial⸗Rath
3707 2621 5082 2696 Dr. Thielen (Berlin) ſprach das Gebet. — Der erſte Gegenſtand der
3704 2666 5080 2741 Tagesordnung war das Emeritenweſen. Die diesbezügliche Kom⸗
3709 2713 5079 2787 miſſion ſchlug vor: „Die General⸗Synode wolle beſchließen: 1) dem
3703 2759 5078 2840 Geſetzentwurfe, betreffend das Ruhegehalt der emeritirten Geiſtlichen,
3701 2806 5076 2881 mit den von der Kommiſſion vorgeſchlagenen, aus der An⸗
3700 2850 5077 2927 lage erſichtlichen Abänderungen die verfaſſungsmäßige Zuſtim⸗
3698 2903 5075 2976 mung zu ertheilen; 2) den Evangeliſchen Ober⸗Kirchenrath
3695 2947 5074 3023 zu erſuchen, in der Zwiſchenzeit bis zur Verkündung
3701 2990 5076 3064 des vorliegenden Kirchengeſetzes aus Gründen der Billigkeit für die
3695 3034 5071 3108 thunlichſte Erhöhung der Zuſchüſſe aus den provinziellen Emeriten⸗
3697 3081 5072 3155 Zuſchußfonds zu Gunſten der jetzt lebenden emeritirten Geiſtlichen
3691 3127 5068 3202 Sorge zu tragen.“ Der Referent, Wirkliche Geheime Rath von
3689 3173 5072 3250 Dechend (Berlin), theilte mit, daß mit Ausnahme der Provinzial⸗
3686 3219 5062 3292 ſynoden Rheinlands und Weſtfalens alle anderen Provinzialſynoden
3687 3266 5063 3338 des Landes der gegenwärtigen Vorlage des Evangeliſchen Ober⸗
3685 3312 5068 3386 Kirchenraths zugeſtimmt haben; er erſuchte die Synode ebenfalls, der
3688 3358 5063 3433 Vorlage mit den Abänderungsanträgen der Kommiſſion en bloc zu⸗
3683 3405 4386 3468 zuſtimmen. (Schluß des Blattes.)
3771 3601 5060 3674 Nr. 42 des „Central⸗Blatts für das Deutſche
3675 3644 5059 3718 Reich“, herausgegeben im Reichskanzler⸗Amt, hat folgenden In⸗
3673 3690 5057 3765 halt: Allgemeine Verwaltungsſachen: Verbot einer ausländiſchen
3669 3736 5056 3809 Druckſchrift; — Ausweiſung von Ausländern aus dem Reichs⸗
3668 3783 5056 3858 gebiete. — Zoll⸗ und Steuerweſen: Einfuhr von Getreide, Mehl
3669 3829 5055 3904 und Oelſaaten über die öſtlichen Grenzen in das deutſche Zollgebiet
3665 3875 5053 3948 während der Zeit vom 16. bis 30. September 1879; — Nach⸗
3664 3922 5052 3991 weiſung der Einnahme an Wechſelſtempelſteuer in den Monaten
3663 3965 5052 4041 April bis September 1879; — Ueberſicht über Rübenzuckerſteuer,
3663 4012 5054 4087 ſowie Zucker⸗Ein⸗ und ⸗Ausfuhr für September 1879; — Einrich⸗
3662 4060 5053 4135 tung einer Uebergangsſtraße und Befugniß einer Steuer⸗Expedition;
3661 4106 5051 4179 — Befugniß einer Steuer⸗Einnehmerei. — Münzweſen: Ueberſicht
3658 4151 5051 4226 über die Ausprägung von Reichs⸗Goldmünzen. — Eiſenbahnweſen:
3658 4196 5046 4272 Eröffnung der Verbindungsbahn zu Greiz; — Berichtigung des
3655 4243 5046 4316 Namens der Station Hebertsfelden; — Eröffnung der Perſonenhalte⸗
3656 4289 5044 4361 ſtelle Lüchtringen, desgl. der Perſonenhalteſtelle Hiltrup für den
3652 4335 5043 4407 Güterverkehr und Aufhebung der Güterladeſtelle Dickeweib; — Er⸗
3652 4380 5045 4456 öffnung der Halteſtelle Beſſungen; desgl. der Halteſtelle Subkau; —
3649 4428 5042 4497 desgl. der Eiſenbahn von Saarbrücken nach Neunkirchen mit der
3650 4473 5038 4541 Verbindungsbahn nach Malſtatt, ſowie der Bahnſtrecke Saarbrücken⸗
3647 4518 5038 4592 St. Ingbert; desgl. der Strecke Neurode⸗Glatz; — desgl. der Bahn⸗
3646 4565 5037 4639 ſtrecke Steele⸗Altendorf a. d. Ruhr für den Perſonenverkehr; —
3646 4611 5036 4683 desgl. der Halteſtellen Ruppersdorf, Käferhain und Nerchau, ſowie
3642 4656 5036 4732 Bezeichnung der Station Nerchau; Eröffnung der Halteſtellen
3643 4704 5034 4777 Kunzendorf und Hermsdorf. — Marine und Schiffahrt: Per⸗
3642 4748 5034 4822 ſonalveränderungen beim Seeamt in Lübeck; — Ertheilung von
3641 4794 5033 4872 Flaggenatteſten; — Beginn einer Seeſteuermannsprüfung. —
3640 4839 4237 4896 Konſulatweſen: Ernennungen.
3738 4887 5029 4961 Nr. 63 des „Amtsblatts der Deutſchen Reichs⸗Poſt⸗
3636 4933 5033 5007 und Telegraphenverwaltung“ hat folgenden Inhalt: Ver⸗
3635 4977 5027 5050 fügungen: Vom 12. Oktober 1879: Feſtſtellung der Beſtände an
3632 5024 5029 5091 Reichsgoldmünzen und Einthalerſtücken. — Vom 16. Oktober 1879:
3632 5070 5035 5145 Verbot der Verſendung von „brennbarem Salpeter“ mit der Poſt. —
3632 5116 4937 5184 Verbot der Einfuhr von Trauben in den Kanton Graubündten.
4007 5313 4648 5375 Statiſtiſche Nachrichten.
3725 5383 5022 5454 Die Einfuhr Hamburgs betrug nach dem Werke „Ham⸗
3621 5425 5014 5500 burgs Handel und Schiffahrt 1878, zuſammengeſtellt von dem handels⸗
3622 5471 5014 5550 ſtatiſtiſchen Bureau“, im Jahre 1878 ſee⸗, land⸗ und flußwärts
3620 5518 5015 5589 92 737 624 Netto⸗Centner, gegen 91 247 686 Ctr. in 1877, 85 373 001
3618 5564 5013 5635 Ctr. in 1876, 76 814 423 Ctr. in 1875. Davon kamen ſeewärts
3618 5609 5012 5678 inkl. von und über Altona 43 574 850 Ctr., gegen 43 764 125 Ctr.
3615 5655 5014 5723 in 1877, 46 546 964 C r. in 1876, 42 388 445 Ctr. in 1875
3613 5702 5011 5769 (11 054 435 Ctr. von transatlantiſchen Häfen, 1877 10 020 038 Ctr.,
3619 5744 5010 5819 1876 10 736 158 Ctr., 1875 7 092 659 Ctr.; von Häfen Europas und
3610 5792 5009 5864 der Levante 1878 30 377 778 Ctr., 1877 31 327 960 Ctr., 1876
3610 5838 5007 5911 33 457 388 Ctr., 1875 33 060 036 Ctr.), per Altona⸗Kieler Eiſenbahn
3610 5884 5005 5957 1 896 032 Ctr., per Lübecker Bahn 2 900 834 Ctr., per Berlin⸗Ham⸗
3607 5929 5006 5999 burger und Venlo⸗Bahn und via arburg 18 527 137 Ctr., per Achſe
3606 5976 4472 6032 3 036 485 Ctr., flußwärts 22 802 286 Ctr.
3704 6021 5004 6092 Der Werth der Einfuhr belief ſich auf 1 711 271 120 ℳ (1877
3604 6065 5001 6139 1 777 052 790 ℳ, 1876 1 704 383 090 ℳ, 1875 1 701 114 250 ℳ)
3601 6113 4999 6185 und zwar der Seeeinfuhr 893 951 400 ℳ (1877 930 173 820 ℳ,
3602 6158 4997 6227 1876 929 268 380 ℳ, 1875 971 326 590 ℳ), davon von transatlan⸗
3601 6203 4998 6275 tiſchen Plätzen 268 137 710 ℳ (1877 270 182 820 ℳ), von Häfen
3602 6249 4997 6322 Europas und der Levante 570 610 030 ℳ (1877 591 610 030 ℳ), von
3596 6295 4997 6370 und über Altona 55 203 660 ℳ (1877 68 293 340 ℳ, 1873
3598 6340 4996 6411 114 824 880 ℳ); per Altona⸗Kieler Bahn 74 437 470 ℳ (1877
3595 6385 4994 6454 75 535 400 ℳ), per Lübeck⸗Hamburger Bahn 49 130 310 ℳ (1877
3593 6431 4992 6506 51 730 900 ℳ), per Berlin⸗Hamburger und Venlo⸗Hamburger Bahn
3592 6477 4990 6553 und via Harburg 484 836 610 ℳ, per Achſe 66 632 070 ℳ, flußwärts
3593 6522 4990 6592 142 283 260 ℳ (1877 117 064 180 ℳ, 1876 82 249 010 ℳ, 1875
3589 6567 3907 6618 64 308 330 ℳ).
5337 454 6640 515 Gegen das Jahr 1877 hat ſich der Werth der Einfuhr um
5259 505 6637 569 65 781 670 ℳ oder 3,70 % vermindert, und zwar die Einfuhr ſee⸗
5261 549 6629 609 wärts inkl von und über Altona um 36 222 420 ℳ oder 3,89 %,
5261 593 6579 653 die Einfuhr land⸗ und flußwärts um 29 559 250 ℳ oder 3,49 %.
5337 639 6630 695 Von der Einfuhr des Jahres 1878 waren 612 385 850 ℳ Ver⸗
5259 684 6631 749 zehrungsgegenſtände, von dieſen kamen 320 023 670 ℳ oder 52,2 %
5258 731 6636 794 land⸗ und flußwärts, 139 735 380 ℳ oder 22,8 % von außer⸗
5258 777 6628 834 europäiſchen Ländern, 9 558 850 ℳ = 1,6 % aus deutſchen und
5259 823 6625 882 102 823 770 ℳ = 16,8 % aus anderen Häfen Europas. Die Roh⸗
5258 870 6632 931 ſtoffe und Halbfabrikate hatten einen Werth von 606 603 170 ℳ,
5256 915 6626 973 davon kamen 299 040 990 ℳ oder 49,3 % aus nicht
5256 960 6628 1020 deutſchen Häfen Europas, 171 756 020 ℳ = 28,3 % land⸗ und fluß⸗
5256 1003 6628 1068 wärts, 119 955 630 ℳ = 19,8 % aus außereuropäiſchen Ländern,
5255 1050 6624 1106 5 986 810 ℳ = 1 % aus deutſchen Häfen. Der Werth der Manu⸗
5254 1098 6623 1160 fakturwaaren belief ſich auf 271 105 620 ℳ, davon 171 484 550 ℳ
5256 1145 6625 1207 oder 63,2 % land⸗ und flußwärts, 96 931 540 ℳ oder 35,8 % aus
5253 1190 6622 1247 nichtd utſchen Häfen Europas. Der Werth der Kunſt⸗ und Induſtrie⸗
5252 1233 6627 1296 erzeugniſſe betrug 221 176 480 ℳ, davon 154 055 480 ℳ oder 69,7 %
5251 1284 6624 1343 land⸗ und flußwärts, 55 795 140 ℳ oder 25,2 % aus nichtdeutſchen
5249 1330 5540 1389 Häfen Europas.
5328 1377 6621 1436 Außerdem wurden an Kontanten 235 864 380 ℳ eingeführt,
5248 1422 6626 1482 davon 121 460 130 ℳ aus nichtdeutſchen Häfen Europas, 111 233 770 ℳ
5247 1463 5644 1526 land⸗ und flußwärts.
5326 1513 6624 1570 Eine Abnahme der Einfuhr von 1877 zu 1878 hat namentlich
5248 1556 6618 1619 ſtattgefunden bei Kaffee (— 73 747 Ctr. = 26 525 580 ℳ), Weizen
5245 1602 6623 1665 (588 675 Ctr. = 8 950 910 ℳ), Hopfen (25 854 Ctr. = 4 295 780 ℳ),
5245 1650 6621 1710 Wollen⸗ und Halbwollenwaaren (3707 Ctr. = 10 379 320 ℳ) und
5247 1696 6055 1755 Pelzwerk (10 522 Ctr. = 8 071 590 ℳ).
5318 1744 6617 1802 Zugenommen hat die Einfuhr beſonders bei rohem Zucker
5242 1789 6622 1846 (+ 340 349 Ctr. = 8 767 980 ℳ), Gerſte (472 174 Ctr. =
5241 1835 6612 1892 4 098 540 ℳ), Schlachtvieh 68 750 Stück 4 262 700 ℳ), rohem
5241 1882 6613 1937 Südſeeſalpeter (249 091 Ctr. = 4 797 290 ℳ), Guano (709 258 Ctr.
5239 1933 6615 1987 = 6 841 220 ℳ), Pferden (2047 Stück = 3 964 400 ℳ), Schaf⸗
5241 1978 6623 2035 wolle (3121 Ctr., = 4 334 680 ℳ), diverſen Manufaktur⸗ und Mode⸗
5244 2024 6019 2074 waaren (16 893 Ctr. = 3 984 410 ℳ).
5319 2066 6622 2128 Zum Schluß geben wir noch eine Ueberſicht des Werths einiger
5241 2111 5966 2168 Haupteinfuhrartikel von 1851 — 1878:
5797 2161 5916 2204 Kaffee
6143 2167 6390 2210 roher Zucker
5427 2205 5611 2247 1851 — 55
5729 2206 6013 2247 36 465 111 ℳ
6123 2209 6405 2253 10 447 269 ℳ
5426 2250 5611 2288 1856 — 60
5730 2251 6002 2303 38 035 725 „
6120 2259 6383 2306 13 832 043 „
5423 2296 5613 2337 1861 — 65
5728 2299 5996 2348 55 029 162 „
6118 2301 6387 2355 11 352 873 „
5424 2343 5609 2380 1866 — 70
5727 2345 5998 2394 58 496 808 „
6120 2348 6389 2402 18 777 474 „
5422 2389 5607 2426 1871 — 75
5703 2391 5992 2437 123 684 091 „
6116 2396 6388 2444 31 206 734 „
5467 2435 5556 2472 1876
5702 2437 6002 2488 146 650 400 „
6118 2444 6388 2493 38 138 950 „
5467 2481 5556 2518 1877
5701 2480 5995 2530 157 938 030 „
6114 2487 6383 2537 55 517 250 „
5468 2527 5556 2565 1878
5702 2530 5995 2577 131 412 450 „
6117 2534 6383 2583 61 112 530 „
5794 2576 5915 2616 Tabak
5677 2622 6042 2672 und Tabaksſtengel
6193 2583 6434 2629 Schlachtvieh
6135 2630 6499 2676 und Fleiſchwaaren
5347 2665 5529 2703 1851 — 55
5725 2668 5986 2712 8 554 554 ℳ
6173 2674 6452 2716 17 544 051 ℳ
5347 2712 5530 2749 1856 — 60
5701 2714 5963 2760 12 769 710 „
6172 2722 6439 2771 23 103 492 „
5346 2758 5526 2799 1861 — 65
5699 2760 5965 2809 14 700 888 „
6173 2768 6434 2814 32 302 689 „
5346 2805 5530 2841 1866 — 70
5700 2806 5964 2852 16 888 266 „
6174 2814 6435 2862 42 222 777 „
5344 2850 5527 2887 1871 — 75
5698 2853 5964 2902 36 054 988 „
6170 2860 6434 2908 66 780 098 „
5388 2896 5478 2933 1876
5693 2896 5962 2944 32 382 430 „
6166 2906 6434 2955 78 710 000 „
5386 2943 5478 2980 1877
5692 2945 5957 2991 37 952 140 „
6166 2952 6433 3002 75 732 650 „
5387 2989 5477 3026 1878
5690 2992 5955 3037 36 985 140 „
6164 2999 6427 3045 78 568 930 „
5448 3037 5688 3080 Verſchiedene
5444 3081 5702 3129 Verzehrungs⸗
5468 3128 5684 3173 gegenſtände
5445 3174 5710 3219 (ohne Butter,
5431 3219 5718 3268 Käſe, Vieh ꝛc.)
5737 3108 6004 3149 Baumwollen⸗
5832 3166 5913 3200 garn
6045 3134 6256 3180 Schafwolle
6327 3094 6604 3138 Wollen⸗ und
6346 3141 6585 3185 Halbwollen⸗
6391 3194 6530 3227 waaren
5540 3266 5591 3309 ℳ
5851 3275 5896 3308 ℳ
6131 3277 6186 3316 ℳ
6438 3284 6488 3321 ℳ
5216 3311 5377 3348 1851 — 55
5487 3312 5678 3351 9 499 845
5752 3315 5960 3354 36 514 692
6035 3318 6241 3358 21 145 284
6337 3324 6548 3364 41 063 382
5217 3357 5379 3394 1856 — 60
5466 3358 5674 3396 13 011 693
5749 3362 5954 3400 39 115 281
6035 3365 6243 3404 33 469 830
6343 3370 6547 3411 62 353 635
5211 3403 5373 3440 1861 — 65
5464 3405 5679 3443 21 337 560
5750 3408 5962 3446 34 927 239
6037 3412 6246 3450 51 603 198
6344 3416 6550 3457 71 231 346
5211 3449 5374 3486 1866 — 70
5471 3451 5685 3488 33 407 124
5757 3454 5964 3492 39 372 522
6040 3458 6250 3496 50 415 840
6348 3463 6554 3503 94 568 654
5211 3495 5371 3533 1871 — 75
5461 3495 5670 3536 66 038 348
5743 3500 5952 3538 54 287 666
6028 3503 6239 3543 57 763 274
6312 3509 6541 3549 142 629 753
5209 3541 5284 3578 1876
5458 3543 5670 3581 85 054 870
5739 3546 5952 3590 44 051 610
6025 3551 6235 3589 49 610 240
6308 3554 6547 3595 126 740 970
5210 3587 5285 3624 1877
5461 3589 5671 3628 98 973 450
5742 3592 5954 3631 52 282 360
6027 3597 6240 3635 46 110 180
6315 3601 6548 3642 120 911 070
5209 3632 5284 3670 1878
5464 3634 5680 3673 94 311 210
5751 3638 5961 3677 50 413 360
6038 3643 6248 3681 50 444 860
6321 3648 6551 3688 110 531 750
5762 3683 6019 3725 Wollen⸗ und
5729 3728 6043 3778 Halbwollengarn
6100 3688 6400 3735 Maſchinen und
6124 3734 6376 3783 Inſtrumente
5860 3780 5909 3815 ℳ
6217 3787 6260 3820 ℳ
5420 3817 5605 3855 1851 — 55
5782 3821 5996 3861 21 747 780
6162 3829 6351 3867 4 586 607
5421 3864 5606 3902 1856 — 60
5784 3868 5996 3907 33 469 830
6165 3875 6350 3912 6 490 242
5418 3909 5602 3947 1861 — 65
5781 3915 5993 3953 51 603 198
6138 3920 6348 3960 10 738 323
5418 3955 5607 3994 1866 — 70
5784 3961 5995 3999 50 415 840
6136 3966 6347 4005 16 010 058
5416 4001 5601 4040 1871 — 75
5780 4006 5992 4046 57 763 274
6133 4012 6351 4051 42 233 918
5415 4047 5503 4084 1876
5777 4053 5992 4091 44 306 180
6135 4058 6348 4097 35 988 560
5414 4093 5501 4130 1877
5775 4099 5989 4137 41 316 560
6133 4105 6347 4143 34 358 720
5413 4139 5502 4176 1878
5774 4145 5989 4183 43 892 490
6131 4150 6346 4189 34 673 810
5413 4209 6340 4263 Kunſt, Wiſſenſchaft und Literatur.
5282 4257 6574 4322 Von den Memoiren des verſtorbenen Geheimen Hofraths
5200 4299 6578 4364 Schneider iſt der I. Band unter dem Titel „Aus meinem Leben“
5197 4349 6572 4416 von Louis Schneider (Berlin, Ernſt Siegfried Mittler & Sohn,
5196 4394 6570 4457 Königliche Hofbuchhandlung) erſchienen. Die Vorrede der Memoiren
5197 4439 6579 4506 lautet: „Die folgenden Memoiren hat der Verfaſſer mit der Abſicht
5193 4485 6572 4552 der Veröffentlichung und druckfertig hinterlaſſen. Der größte Theil
5193 4530 6572 4601 iſt unter dem friſchen Eindruck des Erlebten niedergeſchrieben. Keine
5191 4574 6567 4645 überarbeitende Hand, weder des Verfaſſers noch eines Heraus⸗
5192 4625 6568 4692 gebers, hat den Charakter der Anſchaulichkeit und Offen⸗
5192 4670 6567 4739 herzigkeit verwiſcht; die Aufzeichnungen erſcheinen unberührt.“
5192 4716 6569 4782 Nach der Entſtehungsweiſe des Buchs darf man, obwohl
5189 4759 6570 4826 der Verfaſſer mit ſeinen Kinderjahren (1805 — 1818) beginnt und
5188 4805 6574 4878 dann zu den „Flegeljahren“ (1820 — 1824) übergeht, keine fortlaufende,
5189 4852 6572 4917 chronologiſch oder ſyſtematiſch geordnete Selbſtbiographie erwarten:
5188 4901 6570 4969 es wird uns vielmehr eine Reihe von in ſich ſelbſtändigen Aufſätzen
5185 4946 6571 5018 geboten, die zu den verſchiedenſten Zeiten verfaßt, meiſt nur einzelne
5185 4990 6571 5062 Zeitabſchnitte oder Beziehungen aus dem Leben Schneiders ſchil⸗
5184 5037 6572 5107 dern, dabei mitunter nur andere ſeiner Schriften er⸗
5189 5081 6572 5155 gänzend. In dieſer ſkizzenhaften bunten Form iſt aber die
5180 5127 6566 5197 Lebendigkeit der Darſtellung gewahrt und dem Leſer nur das
5181 5177 6556 5238 vorenthalten, was das Intereſſe an dem Buche abſchwächen würde.
5181 5215 6564 5284 Durch ſeine Stellung als Königlicher Hofſchauſpieler und als Re⸗
5180 5261 6556 5333 dacteur des „Soldatenfreund“ kam Schneider in Berührung mit
5180 5305 6552 5377 dem König Friedrich Wilhelm III., auch mit dem Kaiſer Nikolaus
5180 5354 6554 5426 von Rußland. Dieſe Beziehungen bilden den Kern des intereſſanten
5178 5397 6551 5471 Inhalts des vorliegenden erſten Theils der Memoiren, und zwar
5178 5448 6557 5518 treten hier, wie ſchon die Wahl der Verlagshandlung vermuthen
5173 5490 6547 5565 läßt, die militäriſchen Beziehungen in den Vordergrund,
5175 5536 6551 5609 ohwohl auch die Bühne reichen Stoff zu unterhaltenden
5178 5576 6548 5660 Mittheilungen geliefert hat; dieſe mußte beſonders für die humori⸗
5175 5625 6546 5700 ſtiſchen Skizzen das Material hergeben. Nächſt den bereits erwähnten
5173 5670 6547 5747 Kinder⸗ und Flegeljahren erzählt Schneider ſeine Erlebniſſe in
5171 5715 6544 5793 Schwedt bei der im September 1833 daſelbſt ſtattgehabten Zuſam⸗
5169 5762 6550 5842 menkunft König Friedrich Wilhelms III. mit ſeinem Kaiſerlichen
5171 5801 6548 5885 Schwiegerſohn („Legatio dramatica in partibus“, im Juli 1858
5169 5854 6551 5931 niedergeſchrieben), dann die Entſtehung (1830) und Ent⸗
5169 5900 6546 5973 wickelung des „Soldatenfreund“ (Juli 1858), ſeinen Ver⸗
5169 5940 6547 6023 kehr im Palais König Friedrich Wilhelms III. (Dezember
5168 5989 6545 6065 1854 niedergeſchrieben) und die großen Manöver in Kaliſch 1835
5167 6034 6542 6115 (Februar 1854). „Eine kurioſe Honorarangelegenheit“ 1842 (1853)
5165 6084 6547 6158 und „London 1842“ betreffen Bühnenangelegenheiten, wohin auch die
5167 6125 6544 6207 folgende Erzählung „Unter polizeilicher Aufſicht 1847“ (1853) zu
5170 6176 6545 6252 rechnen iſt. Der letzte Abſchnitt „In Petersburg 1847“ (1864) iſt
5163 6220 6544 6297 ganz dem Kaiſer Nikolaus von Rußland, der den Verfaſſer mit be⸗
5164 6256 6546 6342 ſonderem Wohlwollen beehrte, gewidmet. — Daß Schneider dem
5160 6302 6546 6390 anziehenden Inhalt auch eine anſprechende Form gegeben hat und
5162 6350 6545 6436 ſeine loyale Geſinnung aus dieſen Skizzen überall hervorleuchtet, be⸗
5157 6390 5632 6469 darf keiner Verſicherung.
5228 6459 6536 6523 — Im Verlage von Julius Springer in Berlin erſchien ſo⸗
5154 6486 6542 6573 eben: Geſetz, betreffend den Verkehr mit Nahrungs⸗
5154 6532 6537 6618 mitteln, Genußmitteln und Gebrauchsgegenſtänden,
5154 6586 6535 6661 vom 14. Mai 1879, mit Erläuterungen herausgegeben von Dr. Fr.
6712 474 8117 534 Meyer, Geheimen Ober⸗Regierungs⸗Rath und vortragenden Rath im
6710 519 8114 580 Reichs⸗Juſtizamt, und Dr. C. Finkelnburg, Geheimen Regierungs⸗
6708 566 8114 623 und Medizinal⸗Rath. Mitglied des Reichs⸗Geſundheitsamts. — Das
6710 613 8114 673 vorliegende Buch enthält außer einer vollſtändigen Darlegung der
6709 657 8110 718 Entſtehungsgeſchichte eine eingehende Kommentirung ſowohl der
6707 703 8109 767 juridiſchen wie techniſchen Seiten des Geſetzesinhalts. Die Heraus⸗
6707 750 8115 810 geber des Kommentar ſind die beiden Kommiſſare des Bundesraths,
6707 795 8113 856 welche an der Vorbereitung und Durchberathung des Geſetzentwurfs
6707 841 8114 899 in allen ſeinen Stadien Antheil genommen haben, ihr Name
6707 886 8107 948 bürgt für den Inhalt. Für die Juſtiz⸗ und Verwaltungs⸗
6707 931 8104 995 beamten, welchen die Ausführung und Anwendung des Geſetzes zu⸗
6705 977 8103 1038 fällt, wird außer der Auslegung des Geſetzes ſelbſt die in dem Buche
6705 1024 8104 1084 gegebene Erörterung des Verhältniſſes deſſelben zu den beſtehenden
6703 1068 8102 1134 Reichs⸗ und Landesgeſetzen, insbeſondere zu dem Reichs⸗Strafgeſetzbuch,
6704 1117 8104 1176 von Werth ſein. Aber auch für weitere Kreiſe, beſonders für Kauf⸗
6703 1161 8099 1223 leute und Gewerbetreibende, wird dieſe Ausgabe von Nutzen ſein, da
6702 1208 8098 1270 dieſelbe zugleich eine zuverläſſige Beleuchtung derjenigen techniſchen
6703 1254 8098 1318 Geſichtspunkte bietet, welche bei Ausführung der neuen Beſtimmun⸗
6701 1302 7104 1349 gen maßgebend ſind.
6791 1349 8098 1405 — Die deutſche Wiſſenſchaft hat durch den frühen Tod des
6700 1391 8103 1458 Profeſſors Bernhard Stark in Heidelberg (am 12. Oktober)
6699 1438 8097 1495 einen unerwarteten und ſchweren Verluſt erlitten. Er war ein
6699 1484 8097 1546 Mann von umfaſſender Gelehrſamkeit und unermüdlichem Eifer der
6697 1529 8094 1592 Forſchung. Ihm war das klaſſiſche Alterthum ein Ganzes, das nur
6699 1577 8093 1638 als ſolches verſtanden werden könne, und darum hat er mit ſeltener
6697 1622 8093 1684 Energie Religionsgeſchichte, Mythologie und Kunſt, Geſchichte und
6695 1667 8093 1731 Topographie, ſowie die Staats⸗ und Privatalterthümer der Griechen
6702 1713 8098 1778 bearbeitet. Er ſtand auf der Höhe ſeiner wiſſenſchaftlichen Thätig⸗
6695 1759 8095 1824 keit, und ſein eben begonnenes Handbuch der Kunſtarchäologie giebt
6695 1806 8091 1871 einen ſo inhaltsreichen Ueberblick über das Studium der Kunſt⸗
6694 1852 8089 1911 denkmäler in ſeinem Zuſammenhange mit der ganzen neueren Kultur⸗
6694 1898 8091 1961 geſchichte, wie es bis jetzt noch nicht vorhanden war. Für ſolche
6697 1944 8097 2002 kulturgeſchichtliche Forſchungen hatte der Verſtorbene eine beſondere
6697 1990 8098 2054 Begabung, wie auch ſeine biographiſchen Arbeiten über Böckh, Creuzer
6691 2037 7067 2083 und Andere zeigen.
7101 2090 7680 2139 Gewerbe und Handel.
6782 2134 8096 2201 In der Generalverſammlung der Harpener Bergbau⸗
6689 2178 8086 2244 Aktiengeſellſchaft wurde Decharge ertheilt und die Bilanz ge⸗
6688 2225 8083 2290 nehmigt. Die Seitens des Aufſichtsraths vorgeſchlagene Vertheilung
6687 2271 8086 2330 einer Dividende von 2 ½ % oder 15 ℳ pro Aktie mit 187 500 ℳ
6687 2317 8085 2381 ſand allſeitige Zuſtimmung. Der Reingewinn beträgt 535 838 ℳ,
6686 2363 8088 2429 während ſich der Bruttogewinn auf 756 490 ℳ beläuft; zu Abſchrei⸗
6685 2410 8083 2475 bungen und außergewöhnlichen Koſten ſind verwendet 351 206 ℳ;
6684 2455 8082 2520 der Reſervefonds beträgt 510 315 ℳ Aus der Bilanz ergiebt ſich,
6684 2503 8090 2568 daß 573 486 ℳ Debitoren 62 066 ℳ Kreditoren gegenüberſtehen;
6683 2547 8083 2612 Kaſſa, Wechſel, Magazin betragen 85 398 ℳ Die Bilanz ſaldirt
6682 2594 7063 2637 mit 10 210 224 ℳ
6775 2643 8082 2704 — Den „Mittheilungen für die öffentlichen Feuerverſicherungs⸗
6682 2685 8076 2748 Anſtalten“ entnehmen wir über die Verwaltungsergebniſſe der
6680 2731 8077 2791 Poſenſchen Provinzial⸗Feuerſozietät in dem mit dem
6682 2778 8078 2844 1. April d. J. abgelaufenen Geſchäftsjahre Folgendes: Es betrugen
6680 2824 8077 2888 die Einnahmen an ordentlichen Beiträgen 2 071 830 ℳ, an Zinſen
6681 2870 8072 2932 107 606 ℳ, Coursgewinn 62 287 ℳ, an ſonſtigen Einnahmen
6680 2917 8073 2980 24 579 ℳ, im Ganzen 2 266 302 ℳ; denſelben ſtehen Ausgaben
6679 2964 8073 3026 gegenüber in Höhe von 2 679 044 ℳ, und zwar für Schadenver⸗
6678 3009 8075 3072 gütungen 2 409 886 ℳ, Schadenerhebungskoſten 16 577 ℳ, für
6678 3055 8071 3120 Löſchhülfe 68 914 ℳ, ſonſtige ordentliche Verwaltungskoſten 170 054 ℳ,
6678 3101 8069 3161 ſonſtige Ausgaben 13 612 ℳ; es ergiebt ſich ſomit eine Mehr⸗
6677 3146 8066 3212 Ausgabe von 412 741 ℳ Das Vermögen der Sozietät am 31. März
6679 3193 8074 3252 1879 wies folgende Aktiva auf: Kaſſenbeſtand 31 260 ℳ, 2 033 400 ℳ
6678 3238 8075 3304 Nom. Werthpapiere zum Courswerthe von 1 988 923 ℳ, rückſtändige
6675 3285 8072 3350 Beiträge 280 ℳ, ſonſtige Einnahmerückſtände und Guthaben 87 655 ℳ,
6676 3330 8068 3398 Hypothekariſche Ausleihungen 315 000 ℳ, im Ganzen 2 423 118 ℳ;
6672 3377 8071 3438 die Paſſiva ſetzten ſich zuſammen aus rückſtändigen Schadenver⸗
6673 3421 8070 3483 gütungen mit 1 330 865 ℳ und ſonſtigen Ausgaberückſtänden mit
6673 3470 8068 3534 85 999 ℳ, im Ganzen 1 416 864 ℳ, ſo daß ſich ein Ueberſchuß der
6671 3515 8067 3580 Aktiva ergiebt von 1 006 254 ℳ — Die geſammte Verſicherungs⸗
6672 3560 8066 3627 ſumme belief ſich am 31. März d. J. auf 604 916 275 ℳ, d. i. gegen
6672 3607 7348 3659 das Vorjahr mehr 28 387 125 ℳ
6766 3654 8073 3711 Die ſtändiſche Land⸗Feuerſozietät der Kurmark
6668 3698 8071 3765 Brandenburg, des Markgrafthums Niederlauſitz und
6667 3744 8069 3806 der Diſtrikte Jüterbog und Belzig hatte im Jahre 1878
6671 3790 8068 3853 folgende Verwaltungsergebniſſe: Es betrugen die Einnahmen an
6673 3838 8068 3900 ausgeſchriebenen Beiträgen 1 705 969 ℳ, an Beiträgen zum Reſerve⸗
6673 3883 8066 3946 fonds 13 344 ℳ, an Zinſen und Coursgewinn 21 119 ℳ, zurück⸗
6665 3930 8069 3988 gezogenen Schadenvergütungen 12 158 ℳ, im Ganzen 1 752 590 ℳ
6662 3974 8062 4039 An Ausgaben waren zu beſtreiten für feſtgeſtellte Schadenvergütungen
6664 4021 8066 4085 1 577 016 ℳ, für Schadenerhebungskoſten 3382 ℳ, für die Löſch⸗
6673 4066 8063 4131 hülfe 52 708 ℳ, Prämien für feuerſichere Dachungen 32 155 ℳ, für
6673 4114 8061 4174 ordentliche Verwaltungskoſten 100 922 ℳ, für außerordentliche Ver⸗
6668 4161 8059 4223 waltungskoſten 6157 ℳ ꝛc., im Ganzen 1 772 415 ℳ; s ergiebt ſich
6659 4205 8055 4270 alſo ein Plus der Ausgaben von 19 825 ℳ — Das Vermögen des
6656 4251 8053 4314 Inſtituts ſetzte ſich beim Jahresſchluſſe zuſammen aus dem eiſernen
6656 4299 8052 4361 oder Betriebsfonds im Geſammtwerthe von 433 405 ℳ und dem Be⸗
6656 4344 8051 4408 ſtande des laufenden oder Entſchädigungsfonds 93 313 ℳ, im Ganzen
6655 4390 8049 4454 526 718 ℳ — Die Verſicherungsſumme betrug abzüglich der
6654 4436 8048 4494 beitragsfreien Hälfte für Kirchen und Thürme Ende 1878
6652 4482 7451 4537 473 430 525 ℳ (1877 458 149 200 ℳ).
6747 4529 8048 4592 Die Verwaltungsergebniſſe der vereinigten landſchaft⸗
6653 4574 8046 4635 lichen Brandkaſſe zu Hannover während des Jahres 1878
6650 4620 8044 4684 zeigen folgende Poſitionen: Es betrugen die Einnahmen insgeſammt
6653 4667 8041 4731 1 647 662 ℳ, und zwar an Brandkaſſen⸗Beiträgen 1 378 910 ℳ,
6649 4711 8042 4776 Antheil der Rückverſicherer an den Immobiliarſchäden 120 007 ℳ,
6648 4758 8039 4824 Zinſen 147 610 ℳ, Sonſtiges 1135 ℳ Die Ausgaben beliefen ſich
6648 4805 8038 4870 auf 1 450 562 ℳ, und zwar für feſtgeſtellte Schadenvergütungen
6650 4851 8036 4912 1 112 333 ℳ, Schadenerhebungskoſten 11 313 ℳ, Rück⸗
6647 4896 8039 4961 verſicherungsprämien 78 611 ℳ, für Löſchhülfe 42 180 ℳ,
6647 4942 8038 5006 für Spezial⸗Abſchätzungen und Taxreviſionen 9769 ℳ,
6645 4988 8038 5050 ſonſtige ordentliche Verwaltungskoſten 178 634 ℳ, außerordentliche
6649 5035 8042 5096 Verwaltungskoſten 17 722 ℳ, es ergiebt ſich demnach eine Mehr⸗
6647 5080 8042 5141 Einnahme von 197 100 ℳ — Das Vermögen der Brandkaſſe beim
6644 5125 8040 5190 Jahresſchluſſe wies an Aktiven auf: den Kaſſenbeſtand mit 65 874 ℳ,
6640 5173 8030 5233 an rückſtändigen Beiträgen 209 547 ℳ, an ſonſtigen Einnahme⸗
6638 5217 8031 5280 rückſtänden 70 275 ℳ, an Werthpapieren nom. 3 271 300 ℳ zum
6638 5262 8032 5328 Einkaufspreiſe von 3 267 414 ℳ, Direktionsgebäude 56 293 ℳ,
6635 5308 8028 5372 Inventar 4425 ℳ, im Ganzen 3 673 828 ℳ; die Paſſiva beſtehen
6635 5356 8028 5419 aus rückſtändigen Schadenvergütungen mit 113 848 ℳ, ſonſtigen
6633 5400 8026 5465 Ausgaberückſtänden mit 26 615 ℳ und vorausgezahlten Beiträgen
6632 5447 8023 5506 mit 2806 ℳ, im Ganzen 143 269 ℳ, ſo daß ſich ein Aktiv⸗Ueber⸗
6630 5493 7264 5547 ſchuß von 3 530 559 ℳ ergiebt.
6727 5541 8032 5604 — Die ordentliche Generalverſammlung der Chemnitzer
6629 5582 8030 5649 Werkzeug⸗Maſchinenfabrik ertheilte der Verwaltung ein⸗
6628 5630 8029 5693 ſtimmig Decharge; dieſelbe hat auch im vergangenen Jahre be⸗
6631 5676 8028 5739 deutende Schritte zur Konſolidirung des Unternehmens thun können,
6630 5721 8028 5780 indem im abgelaufenen Geſchäftsjahre 125 000 ℳ und im neu be⸗
6631 5770 8028 5830 gonnenen Jahre fernere 135 000 ℳ auf Hypotheken abgezahlt worden
6629 5813 8033 5878 ſind, und außerdem Abſchreibungen im Betrage von 191 276 ℳ vor⸗
6622 5864 7161 5905 genommen werden konnten.
6715 5906 8025 5964 Charleroi, 20. Oktober. (W. T. B.) Die Arbeiter
6619 5949 8022 6009 fangen an ihre Arbeiten wieder aufzunehmen. In von den So⸗
6622 5996 8021 6063 zialiſten verbreiteten Plakaten wird aufgefordert, die Arbeit einſt⸗
6620 6043 8021 6105 weilen wieder aufzunehmen, bis es gelungen ſei, eine allgemeine Ar⸗
6618 6087 7808 6148 beitsniederlegung aller drei Kohlenbecken zu bewerkſtelligen.
7053 6151 7561 6202 Verkehrs⸗Anſtalten.
6709 6209 8016 6273 Das Kursbuch der Deutſchen Reichs⸗Poſtverwaltung
6614 6253 8016 6316 für Oktober⸗November 1879 mit Eiſenbahn⸗Ueberſichtskarte
6613 6298 8014 6369 in Schwarz⸗ und Blaudruck iſt ſoeben in R. von Deckers
6613 6344 8013 6405 Kommiſſionsverlag, Marquardt u. Schenck (Berlin C., Nieder⸗
6612 6391 8015 6453 wallſtraße 22. Preis 2 ℳ) erſchienen. Daſſelbe enthält in 5 nach den
6611 6435 8010 6501 Landestheilen geordneten und durch verſchiedenfarbiges Papier kennt⸗
6611 6481 8011 6546 lich gemachten Abtheilungen die diesjährigen Winter⸗Fahrpläne der
6613 6527 8009 6591 deutſchen und ausländiſchen Eiſenbahnen, die Reiſeverbindungen der
6609 6573 8009 6635 größeren Städte, den Gebührentarif für Telegramme, den Briefporto⸗
6618 6619 8009 6689 tarif u. ſ. w. und als Neuheit unter Nr. 604 auch eine Ueberſicht
8192 491 9598 549 der Briefpoſtverbindungen zwiſchen Berlin und den bedeutendſten
8190 536 8517 584 Orten Europas.
8283 583 9594 643 Hamburg, 20. Oktober. (W. T. B.) Die norddeutſche
8190 628 9592 686 Werft in Kiel iſt für 670 000 ℳ an den Ingenieur Timmer⸗
8190 676 8940 725 mann in Hannover verkauft worden.
8286 721 9598 782 Plymouth, 20. Oktober. (W. T. B.) Der Hamburger
8188 765 9206 819 Poſtdampfer „Gellert“ iſt hier eingetroffen.
8281 812 9593 874 New⸗York, 20. Oktober. (W. T. B.) Der Dampfer
8190 857 9592 924 „Italy“ von der National⸗Dampfſchiffs⸗Compagnie
8184 902 9059 959 (C. Meſſingſche Linie) iſt hier eingetroffen.
8532 1140 9247 1197 Berlin, den 21. Oktober 1879.
8275 1217 9586 1282 Zwanzigſte Plenarverſammlung der hiſtoriſchen
8181 1266 9587 1325 Kommiſſion bei der Königlich bayeriſchen Akademie
8179 1313 9258 1373 der Wiſſenſchaften. (Bericht des Sekretariats)
8274 1359 9583 1418 München, im Oktober 1879. In den Tagen vom 2. bis 4. Ok⸗
8178 1404 9581 1469 tober hielt die hiſtoriſche Kommiſſion ihre diesjährige Plenarverſamm⸗
8178 1450 9582 1516 lung. An den Sitzungen betheiligten ſich von den auswärtigen Mit⸗
8177 1497 9578 1560 gliedern der Präſident der K. K. Akademie der Wiſſenſchaften zu Wien
8177 1543 9575 1606 und Direktor des geheimen Haus⸗, Hof⸗ und Staatsarchiv Hofrath Ritter
8176 1589 9577 1652 von Arneth, der Geheime Regierungs⸗Rath Waitz aus Berlin, der
8175 1634 9575 1703 Kloſterpropſt Freiherr von Liliencron aus Schleswig, die Profeſſoren
8176 1681 9572 1742 Dümmler aus Halle, Hegel aus Erlangen, Wattenbach aus Berlin,
8173 1727 9574 1788 Wegele aus Würzburg und Weizſäcker aus Göttingen; von den ein⸗
8172 1773 9577 1830 heimiſchen Mitgliedern nahmen Antheil der Vorſtand der K. Akademie
8171 1819 9575 1880 der Wiſſenſchaften Stiftspropſt und Reichsrath von Döllinger, der
8171 1864 9576 1925 Direktor der hieſigen polytechniſchen Hochſchule, Profeſſor Kluck⸗
8171 1911 9574 1974 hohn, der Geheime Haus⸗ und Staatsarchivar Profeſſor Rockinger
8169 1957 9577 2014 und der Geheimrath Profeſſor von Gieſebrecht, der in Ab⸗
8170 2002 9571 2061 weſenheit des Vorſtandes Geheimen Regierungs⸗Rathes v. Ranke als
8173 2048 9443 2113 ſtändiger Sekretär der Kommiſſion die Verhandlungen leitete.
8259 2090 9568 2158 Wie der Geſchäftsbericht über das verfloſſene Jahr ergab, ſind
8171 2139 9567 2206 alle Arbeiten der Kommiſſion in ununterbrochenem Fortgang geweſen.
8171 2184 9332 2244 Seit der vorjährigen Plenarverſammlung ſind erſchienen:
8264 2233 9565 2301 1) die Chroniken der deutſchen Städte vom 14. bis ins 16. Jahr⸗
8169 2275 9378 2336 hundert. Bd. XV. Die Chroniken der bayeriſchen Städte.
8260 2323 9565 2390 2) Jahrbücher der deutſchen Geſchichte. — Lothar von Supplin⸗
8167 2367 8839 2422 burg. Von Wilhelm Bernhardi.
8259 2415 9565 2474 3) Jahrbücher des Deutſchen Reichs unter Konrad II. Von
8165 2460 8491 2509 Georg Breßlau.
8257 2508 9312 2564 4) Forſchungen zur deutſchen Geſchichte. Bd. XIX.
8257 2552 9565 2620 5) Allgemeine deutſche Biographie. Lieferung XXXVII —
8161 2598 8297 2643 XLVI.
8256 2645 9559 2711 Ueberdies ſind mehrere andere Werke weit im Drucke vorge⸗
8163 2689 9558 2756 ſchritten, ſo daß ſie alsbald dem Publikum übergeben werden können.
8162 2735 9557 2797 Eine außerordentliche Förderung erwächſt allen Arbeiten der Kom⸗
8160 2782 9558 2844 miſſion aus der überaus bereitwilligen Unterſtützung durch die Vor⸗
8159 2827 9556 2892 ſtände der Archive und Bibliotheken, für welche man ſich zu immer
8156 2877 8783 2925 neuem Danke verpflichtet fühlt.
8250 2921 9557 2983 Das große Unternehmen: „Geſchichte der Wiſſenſchaften in
8164 2966 9557 3033 Deutſchland. Neuere Zeit“ geht bekanntlich ſeiner Vollendung
8167 3014 9555 3073 entgegen. Vorausſichtlich werden zwei oder drei Bände im
8160 3058 9553 3122 nächſten Jahre gedruckt werden und die wenigen dann noch aus⸗
8156 3103 9551 3166 ſtehenden Bände in kurzen Zwiſchenräumen folgen. Nur die Ge⸗
8154 3151 9551 3210 ſchichte der Kriegswiſſenſchaften, für die es bisher nach dem Tode
8151 3197 9549 3257 des Generals Freiherrn von Troſchke keinen geeigneten Bearbeiter
8148 3246 9552 3308 zu gewinnen gelang, wird erſt ſpäter erſcheinen können; man hofft,
8143 3288 9548 3352 daß Verhandlungen, die demnächſt angeknüpft werden ſollen, um die
8147 3333 9547 3403 Lücke zu füllen, glücklichen Erfolg haben werden. — Zur Ergänzung
8149 3380 9548 3446 dieſes Unternehmens ſollen mehrere Werke über die wiſſenſchaftlichen
8148 3425 9547 3492 Zuſtände Deutſchlands im Mittelalter dienen. Zunächſt ſchien eine
8147 3472 9546 3532 Geſchichte des Deutſchen Unterrichtsweſens bis zur Mitte des drei⸗
8149 3517 9546 3580 zehnten Jahrhunderts Bedürfniß und wurde zum Gegenſtand einer
8146 3561 9544 3625 Preisaufgabe gemacht. Die Kommiſſion hat nach erfolgter Aller⸗
8148 3611 9542 3672 höchſter Genehmigung bereits im April das Preisausſchreiben er⸗
8146 3655 9542 3723 laſſen, und es wird allem Anſchein nach eine lebhafte Bewerbung
8142 3704 8654 3753 um den Preis ſtattfinden.
8236 3748 9545 3813 Von der durch Profeſſor C. Hegel herausgegebenen Sammlung
8148 3793 9541 3857 der deutſchen Stadtchroniken iſt der 15. Band ſchon im Spätherbſt
8141 3841 9539 3904 vorigen Jahres erſchienen; er enthält die Chroniken der bayeriſchen
8140 3885 9537 3945 Städte mit dem von Dr. Albr. Wagner in Erlangen bearbeit ten
8139 3932 9538 3999 Gloſſar und einem vom Kreisarchivar Dr. Aug. Schäffler in Würz⸗
8138 3977 9536 4043 burg angefertigten Regiſter. Der 16. Band iſt im Druck nahezu
8139 4024 9534 4086 vollendet; er bildet den zweiten Band der Braunſchweiger Chroniken
8137 4070 9532 4132 in der Bearbeitung des Stadtarchivars Hänſelmann. Für das kom⸗
8135 4117 9534 4184 mende Jahr iſt der Druck der Mainzer Chronik aus dem 15. Jahrhundert
8134 4162 9531 4229 beabſichtigt; dieſe Chronik wird vom Herausgeber ſelbſt in Verbindung
8134 4209 9532 4270 mit Dr. Rob Pöhlmann in Erlangen und unter philologiſcher Beihülfe von
8132 4254 9531 4314 Dr. Albr. Wagner bearbeitet. Die längſt verheißene, ſchon von dem
8132 4301 9531 4366 verſtorbenen Lappenberg eingeleitete neue Ausgabe der Lübecker
8132 4346 9532 4410 Chroniken war von Profeſſor W. Mantels in Lübeck übernommen
8130 4393 9531 4454 und ſeit Jahren vorbereitet worden. Leider wurde dieſer verdiente
8129 4439 9531 4501 Geſchichtsforſcher am 8. Juni d. J. durch den Tod abgerufen, ehe er
8128 4487 9527 4552 noch den erſten Band für den Druck vollendet hatte. Dr. K. Kopp⸗
8127 4533 9528 4593 mann, dem man bereits die treffliche Edition der Hanſerezeſſe ver⸗
8127 4577 9528 4635 dankt, hat jetzt die Vollendung des erſten Bandes der Lübecker
8128 4623 9525 4684 Chroniken mit Benützung der von Mantels hinterlaſſenen Vor⸗
8123 4669 8564 4713 arbeiten übernommen.
8215 4715 9524 4777 Die Arbeiten für das von Profeſſor J. Weizſäcker geleitete
8125 4761 9523 4820 Unternehmen der deutſchen Reichstagsakten haben ſich im ver⸗
8121 4807 9519 4867 floſſenen Jahre beſonders auf die Perioden König Ruprechts und
8119 4853 9518 4916 Kaiſer Sigmunds konzentrirt. Für die erſtere handelt es ſich noch
8120 4898 9519 4957 um die letzte Ergänzung des archivaliſchen Stoffs, doch ſind die
8118 4944 9517 5003 meiſten Archive bereits benützt. Eine längere Reiſe von Dr. E.
8119 4991 9517 5057 Bernheim nach Straßburg hat erwünſchte Ausbeute gegeben; in Lon⸗
8116 5036 9514 5100 don hat Dr. F. Liebermann Nachforſchungen verſprochen. Die Haupt⸗
8117 5082 9515 5146 arbeiten für dieſe Abtheilung ſind in Göttingen unter Leitung des
8116 5128 9515 5196 Herausgebers durch Dr. Bernheim unter Beihülfe des Dr. Friedens⸗
8115 5174 9515 5233 burg in erwünſchter Weiſe gefördert worden; zur Zeit ſind die beiden
8113 5219 9514 5282 Letzteren mit Nachforſchungen in Wien beſchäftigt. Was die Periode
8111 5266 9514 5324 Sigmunds betrifft, ſo iſt für die Vollendung des zweiten Bandes der⸗
8110 5311 9511 5379 ſelben, Bd. 8 der ganzen Sammlung, Ober⸗Bibliothekar Profeſſor
8108 5358 9509 5420 Kerler in Würzburg, unterſtützt vom Kreisarchivar Schäffler, unab⸗
8108 5403 9510 5467 läſſig bemüht geweſen. Für dieſen Band waren noch aus einer Reihe
8105 5450 9509 5514 deutſcher Archive ergänzende Stücke beizubringen, und dieſe Aufgabe
8105 5495 9507 5558 iſt zum weitaus größten Theile gelöſt worden. Ober⸗Bibliothekar
8103 5541 9506 5607 Kerler hat perſönlich die Archive von Baſel, Freiburg i. Br., Colmar,
8104 5587 9502 5657 Mülhauſen i. E. und Straßburg beſucht; auch ſonſt haben ſich uner⸗
8103 5634 9503 5696 wartete Funde ergeben. So ſind die Sammlungen für dieſen Band faſt
8102 5679 9506 5745 vollendet, und es ſteht der Schlußredaktion nichts mehr im Wege.
8102 5725 9498 5789 Man hofft, im nächſten Jahre ein oder zwei Bände der Reichstags⸗
8101 5771 8932 5824 akten der Druckerei übergeben zu können.
8194 5818 9498 5881 Die Sammlung der Hanſerezeſſe iſt auch im verfloſſenen Jahre
8097 5866 9499 5922 fvon Dr. K. Koppmann weſentlich gefördert worden. Der Druck des
8122 5910 9496 5970 ünften Bandes iſt weit vorgeſchritten und wird vorausſichtlich im
8095 5955 8812 6003 nächſten Frühjahr vollendet werden.
8189 6001 9494 6064 Von den Jahrbüchern des Deutſchen Reichs ſind vor Kurzem
8091 6047 9492 6115 zwei neue Bände veröffentlicht worden; an mehreren anderen wird
8091 6092 9492 6155 eifrig gearbeitet. Zunächſt hofft man den zweiten, abſchließen⸗
8090 6139 9493 6209 den Band der Jahrbücher Kaiſer Heinrichs III. in der Bearbeitung
8090 6184 9490 6247 von Profeſſor Ernſt Steindorff in Göttingen zu veröffentlichen.
8089 6228 9490 6292 Die Bearbeitung der Jahrbücher Heinrichs IV. und Heinrichs V.
8087 6274 9347 6331 hat Profeſſor G. Meyer von Knonan in Zürich übernommen.
8181 6322 9488 6385 Für das ſehr umfaſſende Unternehmen der Wittelsbachſchen
8087 6365 9490 6426 Korreſpondenz ſind die Arbeiten nach verſchiedenen Richtungen mit
8085 6412 9486 6479 dem beſten Erfolge fortgeführt worden. Die für die europäiſche Po⸗
8086 6457 9487 6520 litik am Ende des 16. Jahrhunderts ſo wichtige Korreſpondenz des
8086 6502 9485 6570 Pfalzgrafen Johann Caſimir iſt durch Dr. Friedr. von Bezold ſo
8082 6549 9484 6612 weit bearbeitet worden, daß der Druck derſelben demnächſt beginnen
8081 6594 9484 6661 kann; mit dieſer Korreſpondenz wird die ältere pfälziſche Abtheilung
8082 6638 9480 6703 zum Abſchluß kommen. Für die unter Leitung des Geheim⸗
