9944 6680
635 401 1973 475 nicht willkürlich einige Arten ausnehmen. Mit einigen ſeiner Partei⸗
641 455 1964 519 genoſſen müſſe er ſich deshalb gegen die Kommiſſionsbeſchlüſſe wenden.
639 497 1964 559 Man könne nur aller Agitation auf dem Lande die Spitze abbrechen,
636 544 1709 603 wenn man die allgemeine Schadenserſatzpflicht anerkenne.
743 580 1967 648 Nach einer kurzen Bemerkung des Abg. Dasbach ſchließt
636 646 1189 700 die Diskuſſion über §. 1.
738 676 1965 744 Der freiſinnige Antrag wird abgelehnt, desgleichen der
637 743 1103 795 Antrag von Dobeneck.
738 770 1961 844 In namentlicher Abſtimmung wird alsdann der Theil
639 818 1960 891 des weiter von freiſinniger Seite geſtellten Antrages, nach
637 869 1961 942 welchem auch für Rehwild eine Schadenserſatzpflicht anerkannt
637 917 1958 988 werden ſoll, mit 160 gegen 138 Stimmen angenommen; des
634 964 1959 1037 Weiteren auch der andere Theil, der eine Schadenserſatzpflicht
636 1017 1958 1089 auch für Faſanen feſtſetzt, und ſchließlich der ganze derartig
636 1088 970 1138 modifizirte §. 1.
735 1112 1959 1185 Der §. 2 wird nach kurzer Diskuſſion, an der ſich die
637 1162 1963 1237 Abgg. Papendieck und von der Reck betheiligen, in der
638 1219 1852 1280 von der Kommiſſion vorgeſchlagenen Form angenommen.
736 1255 1961 1335 §. 3 beſtimmt, daß bei Enklaven der Inhaber des umſchließen⸗
636 1311 1958 1380 den Grundſtücks, ſofern er die Jagd angepachtet oder die an⸗
638 1359 1880 1434 gebotene Anpachtung abgelehnt hat, erſatzpflichtig ſein ſoll.
726 1408 1959 1472 Abg. von Schalcha widerſpricht dieſer Faſſung, die den Groß⸗
637 1452 1968 1521 grundbeſitzer zu weit verpflichten würde, während Abg. Strutz die
637 1496 1964 1563 Beſtimmung im Intereſſe des kleinen Landwirths aufrechterhalten
636 1565 839 1601 wiſſen will.
734 1591 1959 1651 Der §. 3 wird in der Kommiſſionsfaſſung angenommen.
732 1632 1961 1701 §. 4 beſagt, daß Jagdpachtverträge, welche beſtimmen, daß
632 1682 1961 1749 in gemeinſchaftlichen Jagdbezirken die Erſatzpflicht des Jagd⸗
633 1731 1961 1797 pächters ganz oder theilweiſe ausgeſchloſſen ſein ſoll, zu ihrer
630 1781 1962 1848 Gültigkeit die Genehmigung des Kreisausſchuſſes bezw. des
629 1830 1961 1893 Stadtausſchuſſes bedürfen, wenn Seitens auch nur eines
623 1885 1647 1946 Nutzungsberechtigten Widerſpruch erhoben wird.
717 1930 1960 1989 Abg Dr. Grimm beantragt noch hinzuzufügen: unter den
629 1971 1958 2035 gleichen Vorausſetzungen werden Jagdpachtverträge, welche die Erſatz⸗
626 2015 1959 2083 pflicht des Jagdpächters auf die Geſammtheit der Grundbeſitzer über⸗
628 2067 1578 2123 tragen, dem Beſchädigten gegenüber rechtswirkſam.
726 2102 1960 2170 Der Antragſteller, wie der Abg. Francke (Tondern) befür⸗
620 2152 1964 2219 worten dieſen Antrag, der alsdann dem §. 4 der Kommiſſions⸗
628 2218 1148 2265 vorlage einverleibt wird.
730 2257 1807 2316 Um 3 ¾ Uhr wird die weitere Berathung vertagt.
1000 2425 1604 2485 Der Kommiſſionsbericht
859 2488 1718 2543 über die Einkommenſteuer⸗Vorlage.
714 2552 1963 2615 Dem Hauſe der Abgeordneten iſt nunmehr über die Be⸗
623 2606 1967 2668 rathungen der X. Kommiſſion über den Entwurf eines Ein⸗
618 2656 1965 2719 kommenſteuergeſetzes ein ſchriftlicher Bericht erſtattet worden.
620 2706 1960 2766 Die Berathungen haben, wie wir dem Bericht entnehmen,
624 2758 1963 2816 ſiebzehn Sitzungen und außerdem noch drei Sitzungen von
627 2803 1960 2863 Subkommiſſionen in Anſpruch genommen. Das Ergebniß
633 2857 1858 2917 ſei in ſeinen Hauptpunkten in Folgendem kurz dargelegt.
716 2906 1960 2965 Bei §. 1 iſt die Definition der ſubjektiven Steuer⸗
622 2953 1960 3015 pflicht dahin begrenzt worden, daß diejenigen preußiſchen
625 3003 1960 3063 Staatsangehörigen, welche in einem deutſchen Schutzgebiete
625 3053 1963 3115 wohnen oder ſich aufhalten, nicht einkommenſteuerpflichtig ſind.
622 3104 1965 3162 Weiter iſt bezüglich der Steuerbefreiung derjenigen Staats⸗
626 3152 1962 3213 angehörigen, welche ohne in Preußen einen Wohnſitz zu
626 3202 1966 3262 haben, ſeit mehr als zwei Jahren ſich im Aus⸗
626 3251 1968 3310 lande aufhalten, beſtimmt worden, daß dieſe Be⸗
629 3303 1966 3361 freiung keine Anwendung findet auf Reichs⸗ und Staats⸗
626 3351 1966 3412 beamte, welche im Auslande ihren dienſtlichen Wohnſitz haben
630 3403 1966 3459 und dort zu entſprechenden direkten Staatsſteuern nicht heran⸗
631 3450 1964 3512 gezogen werden. Die Beſteuerung der „Aktiengeſellſchaften,
633 3499 1965 3557 Kommanditgeſellſchaften, auf Aktien und Berggewerk⸗
630 3550 1965 3610 ſchaften, welche in Preußen einen Sitz haben, ſowie
628 3599 1962 3659 derjenigen eingetragenen Genoſſenſchaften, deren Geſchäfts⸗
626 3650 1962 3706 betrieb über den Kreis der Mitglieder hinausgeht“, iſt von
624 3700 1963 3757 der Kommiſſion beſtätigt und noch dahin erweitert worden,
627 3749 1965 3806 daß „Konſumvereine mit offenem Laden der Einkommen⸗
627 3798 1966 3854 ſteuer unterliegen“. Als ſteuerpflichtiges Einkommen dieſer
630 3847 1965 3907 juriſtiſchen Perſonen ſind in Uebereinſtimmung mit der
634 3896 1969 3955 Vorlage die Ueberſchüſſe, welche als Aktienzinſen oder
639 3946 1973 4002 Dividenden unter die Mitglieder vertheilt werden, be⸗
633 3995 1973 4056 zeichnet worden; doch ſollen hiervon ſtatt 3 Prozent,
631 4044 1976 4105 wie die Vorlage vorſchlug, 3 ½ Prozent des Aktienkapitals
631 4094 1974 4154 vorweg in Abzug gebracht werden. „An Stelle des Letzteren
628 4144 1975 4203 tritt — ſo hat die Kommiſſion näher definirt — bei ein⸗
633 4194 1976 4254 getragenen Genoſſenſchaften die Summe der eingetragenen
634 4243 1976 4302 Geſchäftsantheile der Mitglieder, bei Berggewerkſchaften das
637 4293 1975 4347 aus dem Erwerbspreiſe und den Koſten der Anlage und Ein⸗
633 4342 1977 4402 richtung bezw. Erweiterung des Bergwerks ſich zuſammen⸗
636 4392 1976 4453 ſetzende Grundkapital oder, ſoweit dieſe Koſten vor dem
632 4441 1977 4499 1. April 1892 aufgewendet ſind, nach Wahl der Pflichtigen
631 4492 1979 4551 der zwanzigfache Betrag der im Durchſchnitt der letzten vier
634 4540 1979 4601 Jahre vor dem Inkrafttreten dieſes Geſetzes vertheilten Aus⸗
634 4589 1979 4648 beute.“ Weiter hat die Kommiſſion die in Preußen thätigen
633 4639 1977 4699 Agenturen bezw. Agenten von außerhalb Preußens ihren Sitz
636 4689 1979 4748 habenden gewerblichen Unternehmungen für ſteuerpflichtig erklärt.
637 4739 1982 4797 Da nach dem Beſchluß der Kommiſſion Reichs⸗ und Staatsbeamte,
637 4783 1984 4846 welche ſich im Auslande aufhalten, beſteuert werden ſollen,
640 4837 1984 4898 Falls ſie dort zu entſprechenden Staatsſteuern nicht heran⸗
639 4885 1988 4947 gezogen werden, iſt unter Zuſtimmung des Finanz⸗Miniſters
637 4937 1987 4992 weiter beſchloſſen worden, daß eine Befreiung der Vertreter fremder
638 4984 1987 5045 Mächte oder der Bundesſtaaten, ſowie derjenigen Perſonen,
644 5034 1989 5093 denen ſonſt nach völkerrechtlichen Grundſätzen oder nach be⸗
641 5083 1990 5146 ſonderen, mit anderen Staaten getroffenen Vereinbarungen
640 5133 1986 5193 ein Anſpruch auf Befreiung von der Einkommenſteuer zu⸗
638 5182 1991 5242 kommt, in denjenigen Fällen ausgeſchloſſen iſt, in welchen in
641 5231 1989 5291 den betreffenden Staaten Gegenſeitigkeit nicht gewährt wird.
743 5283 1991 5340 Betreffs der Heranziehung der Reichsunmittelbaren hatte
638 5339 1438 5389 in §. 4 die Regierung vorgeſchlagen:
727 5378 1997 5437 Die Häupter und Mitglieder der Familien vormals unmittel⸗
641 5426 1993 5478 barer deutſcher Reichsſtände, welchen das Recht der Befreiung von
642 5471 1997 5522 ordentlichen Perſonalſteuern nachweislich zuſteht, unterliegen der
639 5520 1583 5567 Einkommenſteuer vom 1. April 1894 ab.
723 5557 1994 5610 Die für Aufhebung der bisherigen Befreiung zu
641 5600 1993 5656 gewährende Entſchädigung wird durch beſonderes
643 5653 1011 5700 Geſetz geregelt
739 5689 1997 5745 Dieſer Paragraph erhielt durch die Kommiſſion folgende
643 5745 835 5795 Faſſung:
723 5786 1995 5840 Die Häupter und Mitglieder der Familien vormals unmittel⸗
650 5833 1997 5881 barer deutſcher Reichsſtände, welchen das Recht der Befreiung von
649 5877 1996 5929 ordentlichen Perſonalſteuern zuſteht, werden zu der Einkommen⸗
646 5922 1993 5969 ſteuer von dem Zeitpunkte ab herangezogen, in welchem
646 5965 1997 6017 durch beſonderes Geſetz die Entſchädigung für die auf⸗
641 6006 1999 6056 zuhebende Befreiung von der Einkommenſteuer geregelt
656 6052 879 6098 ſein wird.
752 6093 1994 6149 Es wurde hierfür geltend gemacht, daß dieſe Faſſung
652 6138 2001 6195 dem beſtehenden Rechtszuſtande am meiſten Rechnung tragen
658 6193 1996 6245 würde. Der Finanz⸗Miniſter ſprach ſich für die Beibehaltung
660 6236 2002 6290 der Regierungsvorlage aus und führte aus: Der in der Vor⸗
663 6282 2003 6338 lage zur Regelung der Entſchädigungsfrage vorgeſehene Zeit⸗
2035 369 3363 445 raum ſei zur Erledigung vollſtändig ausreichend; auch ſei es
2030 424 3353 496 genügend, wenn das Prinzip der Entſchädigung hier in dem vor⸗
2029 471 3361 546 liegenden Geſetze zum Ausdruck gelange; mit der (von der Kom⸗
2027 518 3357 593 miſſion angenommenen) Faſſung würde in dem Geſetz nicht
2027 569 3359 640 ausgeſprochen ſein, daß auf dieſem Gebiete künftighin keine
2030 618 3359 686 Steuerprivilegien mehr beſtehen würden, und auf eine der⸗
2026 667 3359 737 artige Klarſtellung würde Seitens der Staatsregierung Ge⸗
2029 717 3358 784 wicht gelegt, da dieſelbe die Verhandlungen mit den
2030 766 3359 830 Steuerfreien erleichtern würde; es ſei daher die Annahme
2026 824 2818 882 der Regierungsvorlage zu empfehlen.
2120 865 3363 927 Wir kommen zu dem Steuertarif, welcher eine
2029 910 3360 979 weſentliche Aenderung erfahren hat. Die überwiegende Mehr⸗
2025 964 3363 1027 heit der Kommiſſion gab bei Berathung des Tarifs der An⸗
2028 1015 3360 1079 ſicht Ausdruck, daß die Vorlage nicht bloß eine gleichmäßige und
2027 1063 3365 1130 gerechtere Veranlagung der Steuerpflichtigen herbeiführen, ſon⸗
2026 1112 3362 1176 dern auch in ihrem finanziellen Effekt die Grundlage für die Reform
2025 1163 3365 1228 der geſammten direkten Staatsſteuern und Kommunalſteuern
2028 1211 3368 1275 bilden ſolle, und daß daher der aus dem Geſetz zu erwartende
2029 1261 3364 1325 Mehrertrag nicht andererſeits in erheblichem Umfang gemindert
2026 1309 3365 1373 werden dürfe. Gleichwohl war man der Ueberzeugung, daß
2028 1360 3365 1425 in einer mäßigen theilweiſen Herabſetzung des Tarifs der
2028 1410 3367 1475 finanzielle Effekt des Geſetzes bei den aus der richtigeren Veran⸗
2030 1462 3365 1526 lagung, ſowie der Beſteuerung der juriſtiſchen Perſonen zu er⸗
2029 1509 3369 1571 wartenden großen Mehreinnahmen noch nicht erheblich ge⸗
2030 1557 3371 1624 fährdet werden würde, um ſo weniger, wenn eine Er⸗
2032 1607 3367 1672 höhung in den oberen Stufen andererſeits Mehr⸗
2026 1655 3368 1722 erträge verſchaffe. Es herrſchte Uebereinſtimmung darüber,
2028 1704 3368 1768 daß die mittleren Einkommen in der Vorlage zu hoch
2029 1751 3368 1818 beſteuert ſeien, da gerade in dieſen Stufen die relative Steuer⸗
2030 1800 3367 1869 kraft oft gering und eine Ermäßigung gegen den bisherigen
2031 1854 3372 1917 Steuerſatz nöthig ſei, während nach der Vorlage in vielen
2030 1904 3370 1966 Stufen, z. B. den oberen Hälften der bisherigen Einkommen⸗
2029 1952 3374 2015 ſteuerſtufen, ſogar eine Erhöhung gegen jetzt ein⸗
2029 2002 3369 2062 getreten ſei. Der Finanz⸗Miniſter erklärte, daß eine
2029 2051 3369 2116 Herabſetzung der unteren und mittleren Stufen einen ſehr
2035 2102 3374 2162 erheblichen Ausfall verurſachen würde; man dürfe, wenn das
2030 2152 3370 2212 Reformprogramm durchgeführt werden ſolle, die Mehrerträge,
2030 2200 3370 2261 auf die man rechnen könne, nicht wegſtreichen. Freilich ſei
2031 2250 3370 2308 den auf Erleichterung gerichteten Beſtrebungen eine gewiſſe
2030 2301 3372 2363 Billigkeit nicht abzuſprechen, doch ſei Vorſicht ge⸗
2030 2351 3375 2405 boten. Die Kommiſſion beſchloß nun einerſeits eine
2029 2401 3371 2464 Herabſetzung der unteren und mittleren Einkommen,
2033 2450 3375 2509 indem ſie die Stufen von 9500 — 10 500 ℳ in Ueberein⸗
2029 2499 3376 2563 ſtimmung mit der Vorlage als Ausgangspunkt der Degreſſion
2028 2549 3375 2610 von 3 Proz. beibehielt, aber dieſe Degreſſion bis zu 2400 ℳ
2031 2598 3373 2660 herab gegen die Vorlage verſchärfte; andererſeits beſchloß ſie,
2029 2648 3371 2710 das Einkommen von über 30 500 ℳ mit mehr als 3 Proz.
2026 2698 3373 2760 allmählich anſteigend zu beſteuern, bis zu einem Ein⸗
2027 2746 3376 2807 kommen von 100 000 ℳ, wo eine vierprozentige Be⸗
2030 2797 3372 2859 ſteuerung eintreten ſoll, die dann aber für die höheren Ein⸗
2027 2847 3373 2906 kommen verbleibt. Der Finanz⸗Miniſter erklärte, daß er nicht
2029 2896 3372 2958 in der Lage ſei, eine Erklärung Seitens der Königlichen
2031 2945 3372 3008 Staatsregierung hierüber abzugeben. Die vierprozentige Be⸗
2031 2996 3381 3057 ſteuerung komme auf eine Progreſſivſteuer hinaus, und mit
2027 3044 3373 3109 der Höhe des Steuerſatzes werde die Gefahr mangel⸗
2025 3095 3376 3162 hafter Deklaration wachſen. Die Höhe des Steuer⸗
2032 3141 3374 3210 fußes ſtehe auch mit der Frage der Beſteuerung
2025 3194 3375 3258 des fundirten Einkommens in enger Verbindung, und dieſer
2035 3241 3380 3308 Frage könne erſt im Zuſammenhang mit der nothwendigen
2034 3295 3380 3355 Neuordnung des Kommunalſteuerweſens nähergetreten werden.
2035 3344 3378 3409 Im Uebrigen würde der Ausfall, welcher durch Herabſetzung
2030 3393 3379 3456 der für die kleinen und mittleren Einkommen vorgeſchlagenen
2030 3442 3383 3506 Steuerſätze entſtehen würde, kaum durch die ſtärkere Heran⸗
2031 3491 3379 3557 ziehung der großen Einkommen gedeckt werden können. Nach
2029 3542 3287 3598 der Vorlage ſollte erhoben werden von einem Einkommen
2191 3602 2485 3645 von mehr als:
2532 3598 2870 3638 bis einſchließlich:
2311 3649 2391 3685 ℳ
2660 3645 2743 3680 ℳ
3037 3638 3127 3675 ℳ
2301 3688 2441 3726 900
2659 3685 2757 3724 1050
2964 3678 3322 3714 6
2275 3732 2440 3772 1050
2659 3731 2756 3768 1200
3072 3724 3132 3761 9
2287 3780 2408 3816 1200
2650 3775 2761 3812 1350
3050 3771 3127 3807 12
2283 3824 2407 3860 1350
2661 3816 2760 3857 1500
3062 3812 3126 3851 16
2308 3869 2400 3904 1500
2651 3861 2761 3901 1650
3054 3857 3122 3894 21
2293 3909 2408 3948 1650
2661 3908 2755 3946 1800
3055 3902 3123 3942 26
2302 3956 2398 3991 1800
2658 3950 2754 3986 2100
3057 3947 3126 3986 31
2297 3997 2406 4033 2100
2651 3994 2764 4033 2400
3063 3991 3129 4030 36
2302 4043 2400 4080 2400
2651 4038 2766 4077 2700
3066 4034 3115 4073 45
2299 4083 2408 4124 2700
2667 4086 2753 4119 3000
3051 4080 3128 4118 54
2303 4132 2413 4168 3000
2652 4128 2773 4167 3300
3067 4125 3123 4162 66
2304 4173 2405 4213 3300
2661 4172 2760 4210 3600
3061 4166 3125 4205 78
2310 4219 2402 4253 3600
2658 4213 2765 4255 3900
3058 4210 3128 4247 92
2307 4261 2411 4301 3900
2654 4259 2775 4297 4200
3036 4254 3135 4291 106
2307 4306 2416 4344 4200
2661 4305 2764 4342 4500
3040 4299 3133 4335 120
2309 4352 2416 4388 4500
2659 4348 2771 4384 5000
3046 4344 3129 4386 135
2306 4397 2411 4432 5000
2662 4392 2768 4433 5500
3042 4389 3133 4426 150
2309 4440 2411 4477 5500
2661 4438 2765 4472 6000
3043 4434 3128 4472 165
2308 4482 2406 4522 6000
2658 4480 2769 4520 6500
3045 4478 3127 4515 180
2307 4528 2406 4565 6500
2661 4523 2768 4563 7000
3046 4522 3141 4555 195
2311 4570 2412 4615 7000
2651 4569 2778 4609 7500
3043 4563 3131 4603 210
2313 4617 2411 4657 7500
2669 4610 2763 4652 8000
3046 4609 3131 4647 226
2313 4658 2410 4700 8000
2662 4656 2769 4695 8500
3048 4651 3130 4693 242
2313 4704 2410 4744 8500
2662 4700 2771 4741 9000
3047 4696 3131 4736 258
2312 4748 2413 4784 9000
2674 4747 2761 4780 9500
3054 4742 3133 4780 276
2138 4785 3408 4833 Bei Einkommen von mehr als 9500 bis einſchließlich 10 500 ℳ
2055 4824 3403 4879 beträgt die Steuer 300 ℳ und ſteigt bei höherem Einkommen bis
2053 4871 3395 4925 einſchließlich 100 500 ℳ. in Stufen von je 1000 ℳ um je 30 ℳ,
2049 4919 3080 4967 von da ab in Stufen von je 5000 ℳ um je 150 ℳ
2152 4958 3404 5016 Nach den Beſchlüſſen der Kommiſſion hat §. 17 folgende
2062 5017 2436 5067 Faſſung erhalten:
2148 5058 3320 5103 Die Einkommenſteuer beträgt jährlich bei einem Einkommen
2216 5113 2503 5148 von mehr als:
2553 5107 2885 5145 bis einſchließlich:
2328 5155 2407 5192 ℳ
2685 5153 2762 5188 ℳ
3064 5146 3135 5183 ℳ
2343 5198 2415 5236 900
2667 5191 2773 5233 1050
3093 5189 3146 5226 6
2317 5242 2424 5279 1050
2671 5239 2778 5275 1200
3100 5234 3139 5272 9
2317 5286 2424 5322 1200
2673 5281 2778 5324 1350
3079 5277 3147 5315 12
2317 5327 2419 5367 1350
2671 5327 2777 5364 1500
3081 5323 3146 5357 16
2324 5373 2422 5409 1500
2675 5370 2773 5409 1650
3081 5364 3138 5405 21
2317 5413 2425 5455 1650
2679 5411 2777 5461 1800
3079 5407 3144 5449 26
2322 5460 2428 5502 1800
2676 5457 2782 5497 2100
3086 5453 3143 5491 31
2319 5505 2433 5542 2100
2675 5502 2783 5540 2400
3083 5496 3147 5535 36
2327 5547 2428 5586 2400
2675 5544 2780 5584 2700
3081 5540 3156 5581 44
2329 5588 2430 5628 2700
2682 5589 2782 5627 3000
3091 5582 3144 5622 52
2328 5628 2426 5675 3000
2674 5633 2784 5671 3300
3082 5628 3147 5668 60
2327 5675 2427 5716 3300
2674 5674 2790 5712 3600
3091 5669 3151 5708 70
2328 5718 2439 5761 3600
2679 5718 2782 5759 3900
3079 5715 3152 5751 80
2327 5762 2436 5803 3900
2683 5763 2781 5801 4200
3092 5760 3149 5795 92
2327 5807 2436 5848 4200
2678 5809 2791 5844 4500
3068 5801 3157 5841 104
2332 5849 2426 5890 4500
2672 5852 2793 5886 5000
3067 5848 3153 5886 118
2326 5893 2436 5931 5000
2680 5893 2787 5932 5500
3063 5890 3153 5928 132
2329 5936 2436 5978 5500
2687 5937 2781 5974 6000
3065 5933 3151 5973 146
2326 5980 2436 6019 6000
2683 5981 2787 6017 6500
3072 5978 3143 6013 160
2332 6024 2441 6067 6500
2688 6023 2786 6061 7000
3068 6020 3155 6060 176
2334 6071 2435 6106 7000
2678 6068 2795 6105 7500
3073 6067 3148 6103 192
2319 6114 2437 6151 7500
2680 6114 2790 6149 8000
3068 6107 3156 6148 212
2332 6155 2441 6195 8000
2686 6155 2788 6194 8500
3067 6153 3158 6191 232
2332 6201 2443 6238 8500
2692 6197 2791 6237 9000
3065 6195 3155 6235 252
2330 6243 2438 6282 9000
2682 6242 2794 6283 9500
3072 6239 3155 6280 276
2337 6289 2438 6331 9500
2669 6287 2802 6329 10500
3064 6283 3160 6328 300
3514 358 4186 408 Sie ſteigt bei höheren Einkommen
3488 409 3776 452 von mehr als
3839 407 4154 446 bis einſchließlich
4202 402 4484 446 in Stufen von
4549 394 4686 440 um je
3618 456 3689 490 ℳ
3996 450 4063 487 ℳ
4317 447 4392 480 ℳ
4565 444 4636 479 ℳ
3579 493 3717 535 10 500
3946 490 4089 530 30 500
4286 486 4418 526 1 000
4567 484 4640 522 30
3584 542 3711 576 30 500
3940 536 4090 576 32 000
4295 531 4421 568 1 500
4570 528 4635 564 60
3577 585 3719 620 32 000
3946 579 4083 617 78 000
4293 574 4418 612 2 000
4573 570 4643 610 80
3570 625 3714 662 78 000
3924 622 4087 658 100 000
4289 617 4418 657 2 000
4556 614 4636 652 100
3504 656 4789 712 Bei Einkommen von mehr als 100 000 ℳ bis einſchließlich
3426 704 4776 758 105 000 ℳ beträgt die Steuer 4000 ℳ. und ſteigt bei höheren Ein⸗
3423 754 4362 808 kommen in Stufen von 5000 ℳ um je 200 ℳ
3526 792 4777 848 Weiter wurde in §. 18 die Ermäßigung der Steuerſätze,
3426 844 4778 902 wonach für jedes unter 14 Jahren alte Familienglied von
3432 891 4778 948 einem ſteuerpflichtigen Einkommen von 3000 ℳ und darunter
3428 941 4781 1003 je 50 ℳ in Abzug gebracht werden können, dahin erweitert,
3426 990 4778 1049 daß bei Vorhandenſein von drei oder mehr ſolcher Familien⸗
3430 1039 4783 1098 glieder auf jeden Fall eine Ermäßigung um eine Stufe ſtatt⸗
3431 1088 4781 1148 finden ſoll. Ferner ſoll die Berückſichtigung der durch wirth⸗
3433 1137 4781 1199 ſchaftliche Verhältniſſe beeinträchtigten Leiſtungsfähigkeit bei
3430 1187 4792 1249 der Veranlagung bis auf Einkommen von 9500 ℳ (ſtatt
3426 1238 4788 1298 6000 ℳ) in der Weiſe ausgedehnt werden können, daß eine
3433 1288 4445 1348 Ermäßigung um höchſtens drei Stufen eintritt.
3538 1337 4784 1391 Die Kommiſſion hat ferner die Steuerdeklarations⸗
3434 1386 4778 1449 pflicht verſchärft. Nach dem Entwurf verliert Derjenige,
3436 1435 4780 1497 welcher die ihm obliegende Steuererklärung binnen einer vor⸗
3436 1482 4782 1549 geſchriebenen Friſt nicht abgiebt, nur die geſetzlichen Rechts⸗
3435 1532 4779 1596 mittel gegen die Einſchätzung für das betreffende Steuerjahr.
3436 1583 4786 1649 Nach den Beſchlüſſen der Kommiſſion ſoll indeß, wer die Steuer⸗
3437 1632 4786 1695 erklärung nach abermaliger Aufforderung nicht abgiebt, neben der
3433 1681 4786 1743 veranlagten Steuer einen Zuſchlag von 25 Proz. zu derſelben
3436 1732 4790 1796 zahlen und außerdem die durch ſeine Unterlaſſung dem Staat
3434 1784 4783 1843 entzogene Steuer entrichten. (§. 30.) Die Majorität war
3438 1830 4789 1894 hierbei der Anſicht, daß die durchaus zu erſtrebende Selbſt⸗
3438 1880 4787 1942 erklärung aller Deklarationspflichtigen durch die Vorlage noch
3436 1928 4786 1991 nicht in genügendem Maße ſichergeſtellt und daß die Ver⸗
3439 1981 4793 2041 ſchärfung geboten ſei. Seitens des Finanz⸗Miniſters wurde
3439 2036 4267 2091 hierbei folgende Erklärung abgegeben:
3533 2078 4789 2133 Die Königliche Staatsregierung ſei bedenklich geweſen, in dem
3438 2121 4783 2180 Entwurf mit den Strafbeſtimmungen über das abſolut Nothwendige
3439 2165 4782 2224 hinauszugehen und habe deshalb an die Unterlaſſung der Deklaration
3438 2209 4785 2270 hier nur den Verluſt der Rechtsmittel geknüpft. Sie habe ſich dabei geſagt,
3439 2254 4788 2313 daß auf dieſem Wege bei entſprechend ſchärferer Einſchätzung derjenigen
3441 2299 4782 2357 Perſonen, welche ſich der Erfüllung ihrer geſetzlichen Verpflichtung
3441 2340 4795 2401 zur Abgabe der Steuererklärung entzogen hätten, wenigſtens allmählich
3438 2385 4787 2445 die Deklarationspflicht voll zur Durchführung gelangen werde. Auf
3435 2430 4787 2488 der anderen Seite ſei aber nicht zu verkennen, daß eine Verſchärfung
3439 2475 4792 2534 der Nachtheile für den Cenſiten bei Unterlaſſung der Deklaration
3441 2521 4792 2574 wahrſcheinlich ſehr viel ſchneller zum Ziele führen werde.
3440 2563 4796 2621 Wolle die Landesvertretung in dieſer Richtung einen
3443 2609 4789 2662 Schritt weitergehen, ſo könne er dem nicht wohl entgegen⸗
3437 2654 4789 2707 treten, er ſei aber auch nicht in der Lage, die Regierungsvorlage
3440 2696 4793 2754 fallen zu laſſen. Er müſſe hiernach der Kommiſſion die Ent⸗
3442 2741 4796 2795 ſcheidung darüber überlaſſen, ob ſie dem Landtage einen ent⸗
3442 2783 4795 2840 ſprechenden Vorſchlag machen wolle. Der Einwand, daß die Kom⸗
3438 2822 4793 2886 miſſionen durch entſprechend niedrigere Einſchätzung die Wirkung
3437 2867 4798 2931 des Zuſchlags um 25 % illuſoriſch machen könnten, ſei un⸗
3443 2914 4799 2972 zutreffend, da in einem derartigen Verfahren ein ſehr viel
3442 2959 4799 3018 höherer Grad von Pflichtverletzung liegen würde, als wenn die
3445 3005 4801 3060 Kommiſſionen bei der Einſchätzung nur eine gewiſſe Milde walten
3439 3048 4799 3106 ließen. Es ſei auch zweifellos gegen Jeden, welcher ſich ſeiner Ver⸗
3441 3093 4801 3154 pflichtung zur Selbſtdeklaration entzogen habe, in der Regel der
3441 3137 4796 3196 Verdacht vorhanden, daß er dies in der Abſicht gethan habe, eine
3444 3181 4799 3238 niedrigere Einſchätzung dadurch zu erreichen. Die Unterlaſſung der
3443 3225 4804 3282 Deklaration ſei alſo als eine Thatſache anzuſehen, welche
3442 3269 4799 3328 bei der Einſchätzung unbedingt berückſichtigt werden müſſe,
3448 3314 4800 3369 und die Kommiſſionen ſeien daher jedenfalls berechtigt
3448 3358 4806 3415 und verpflichtet, einen trotz der ihm obliegenden Verpflichtung nicht
3449 3401 4795 3456 deklarirenden Steuerpflichtigen höher einzuſchätzen. Es werde daher,
3447 3446 4803 3505 auch wenn der (von der Kommiſſion angenommene) Antrag nicht an⸗
3447 3489 4806 3548 genommen werde, im Wege der Inſtruktion eine entſprechende An⸗
3448 3534 4807 3591 weiſung dahin getroffen werden, daß in allen geeigneten Fällen, wo
3447 3578 4806 3633 von Seiten der Kommiſſionen auf die Thatſache der Nichtdeklaration
3450 3623 4795 3679 keine entſprechende Rückſicht genommen worden ſei, durch den Vor⸗
3448 3668 4592 3727 ſitzenden auf dem Berufungswege Abhülfe geſchaffen werde.
3550 3710 4806 3768 Die Beſtimmungen über Organe, Bezirke und Verfahren der
3452 3761 4805 3821 Veranlagung, über die Rechtsmittel (Berufung, Beſchwerde,
3453 3810 4810 3871 Steuergerichtshof), über die Geſchäftsordnung der Vorein⸗
3450 3860 4811 3922 ſchätzungs⸗, Veranlagungs⸗ und Berufungskommiſſionen, über
3452 3908 4804 3972 die Oberaufſicht, über die Veränderung der veranlagten Steuer
3452 3954 4812 4022 während eines Steuerjahres, Steuererhebung, die Strafbeſtimmun⸗
3449 4004 4812 4075 gen und über die Koſten ſind nur unweſentlich geändert worden.
3451 4058 4808 4121 Betreffs der Heranziehung zu Kommunalabgaben ſowie Re⸗
3455 4108 4809 4173 gelung des Wahlrechts iſt beſchloſſen worden, bei der
3454 4158 4812 4221 Bildung von Urwähler⸗Abtheilungen für die Wahlen zum
3456 4206 4812 4272 Abgeordnetenhauſe u. ſ. w. für jede nicht veranlagte Perſon
3454 4256 4818 4320 einen Steuerbetrag von 3 ℳ (ſtatt 2,40 ℳ) an Stelle
3456 4308 4806 4367 der bisherigen Klaſſenſteuer zum Anſatz zu bringen,
3457 4359 4474 4420 ferner folgenden Abſatz in §. 79 hinzuzufügen:
3552 4404 4816 4462 Bis zu anderweiter, in Folge der Ueberweiſung von Grund⸗ und
3454 4454 4816 4508 Gebäudeſteuer an kommunale Verbände etwa erforderlich werdender
3457 4495 4817 4550 Abänderung der Vorſchriften über die Wahlen zum Hauſe der
3461 4538 4812 4598 Abgeordneten, wird in Gemeinden, welche in mehrere Urwahlbezirke
3459 4584 4809 4642 getheilt ſind, — unter Abänderung der betreffenden Beſtimmungen
3458 4628 4811 4683 des §. 10 der Verordnung vom 30. Mai 1849 (Geſetz⸗Samml. 1849,
3464 4672 4815 4729 S. 205) — für jeden Urwahlbezirk eine beſondere Abtheilungsliſte gebildet.
3567 4716 4812 4775 In Uebereinſtimmung mit der Erklärung des Finanz⸗
3465 4766 4814 4826 Miniſters erachtete die Kommiſſion mit 16 gegen 10 Stimmen,
3466 4816 4686 4876 daß hiermit eine Verfaſſungsänderung nicht gegeben ſei.
3569 4867 4814 4924 Zum Schluß ſind noch die Beſchlüſſe Betreffs der Verwen⸗
3467 4914 4814 4974 dungder Ueberſchüſſe zu erwähnen. Die Kommiſſion beſchloß
3465 4965 4821 5024 bei §. 84, daß, wenn die Einnahmen aus der Einkommenſteuer
3466 5014 4821 5074 für das Jahr 1892/93 und die folgenden Jahre 80 Millionen
3464 5064 4822 5120 Mark überſteigen, die Ueberſchüſſe nebſt 4 Proz. Zinſen (ſtatt
3466 5114 4816 5169 5,15 Proz.) nach Maßgabe eines zu erlaſſenden beſonderen
3471 5165 4818 5222 Geſetzes, zur Durchführung der Ueberweiſung von Grund⸗ und
3470 5212 4819 5270 Gebäudeſteuer an kommunale Verbände verwandt werden müſſen,
3472 5263 4824 5320 und daß ſie bis zum Erlaſſe eines ſolchen Geſetzes, jedoch längſtens
3473 5311 4821 5368 bis zum Etatsjahre 1893/94 einſchließlich zu einem beſonderen
3475 5358 4825 5421 Fonds, welcher einſchließlich der Zinſen zu gleichem Zweck
3472 5410 4821 5469 verwandt werden ſoll, abzuführen ſind. Die Einſchränkung
3468 5460 4827 5518 der Vorlage, daß die Ueberſchüſſe, ſoweit darüber
3468 5508 4822 5568 nicht zur Bedeckung von Staatsausgaben durch
3470 5560 4824 5619 den Staatshaushalts⸗Etat verfügt wird, zu
3472 5610 4826 5670 dem bezeichneten Zweck verwandt werden ſollen, wurde ge⸗
3472 5657 4830 5716 ſtrichen, da in derſelben nach Anſicht der Kommiſſion für
3475 5706 4830 5770 ſämmtliche Reſſorts ein beſonderer Anreiz gegeben ſei, mit
3475 5758 4825 5817 weitgehenden Forderungen an die Finanzverwaltung heran⸗
3471 5805 4833 5867 zutreten. Gegen die Herabſetzung des Prozentſatzes (5,15
3476 5855 4831 5916 auf 4 Proz.) wurde Seitens des Finanz⸗Miniſters
3471 5905 4832 5968 Widerſpruch erhoben. Wenn das ebengedachte Ver⸗
3472 5953 4837 6013 wendungsgeſetz nicht bis 1. April 1894 (ſtatt 1895, wie
3480 6003 4832 6063 die Vorlage wollte) ergangen iſt, werden die Ueberſchüſſe zu
3476 6052 4832 6112 den von der Vorlage bezeichneten Steuererlaſſen verwendet.
3480 6103 4838 6165 Für das Inkrafttreten des Einkommenſteuergeſetzes iſt in
3478 6150 4834 6212 Uebereinſtimmung mit der Vorlage feſtgeſtellt, daß die Ver⸗
3478 6202 4840 6261 anlagung nach dem neuen Geſetz für das Jahr 1892/93 zum
3477 6254 4360 6308 erſten Mal in Anwendung kommen ſoll.
5547 354 6288 406 Statiſtik und Volkswirthſchaft.
5518 421 6308 472 Deutſcher Landwirthſchaftsrath.
5334 467 6583 517 In der geſtrigen Sitzung wurde die Debatte über den Entwurf
5239 512 6581 562 eines deutſchen Heimſtättengeſetzes fortgeſetzt. Nach längeren
5243 556 6211 607 Verhandlungen wurden folgende Beſchlüſſe gefaßt:
5334 600 6301 650 Der Deutſche Landwirthſchaftsrath wolle erklären:
5328 644 6584 693 I. In der Erlaſſung eines fakultativen Heimſtätterechts mit
5245 687 6588 737 Verſchuldungsbeſchränkung und Schutz gegen Zwangsvollſtreckung liegt
5241 730 6584 779 ein Akt praktiſcher Sozialpolitik, der die Widerſtandskraft der bäuer⸗
5243 775 6582 827 lichen Bevölkerung zu ſtärken und die Anſäſſigmachung von Land⸗
5241 818 6579 870 arbeiterfamilien in jenen Gegenden, in denen dieſe des eigenen Grundes
5239 863 6117 912 und Bodens entbehren, zu fördern geeignet iſt.
5328 907 6577 960 II. Dem vorgelegten Geſetzentwurf gegenüber Stellung zu nehmen,
5240 949 6581 1003 erachtet der Landwirthſchaftsrath für unthunlich: a. weil es zweifel⸗
5238 993 6583 1046 haft ſein kann, ob der Erlaß eines Geſetzes in vollem Umfange zur
5240 1038 6585 1089 Zuſtändigkeit der deutſchen Reichs⸗Geſetzgebung gehört, b. weil eine
5241 1082 6585 1134 vorgängige Klärung der beſtehenden Rechtsverhältniſſe geboten ſein
5242 1126 6579 1176 dürfte und weil eingehende Ermittelungen darüber erforderlich
5240 1169 6580 1220 erſcheinen, ob ein Bedürfniß vorhanden iſt, ein Geſetz für das Ge⸗
5241 1213 6577 1263 ſammtgebiet des Deutſchen Reiches oder nur für einzelne Theile des⸗
5239 1256 5569 1302 ſelben zu erlaſſen.
5325 1303 6582 1353 III. Der deutſche Landwirthſchaftsrath beſchließt daher, die
5239 1345 6573 1397 landwirthſchaftlichen Centralvereine aufzufordern, die Heimſtätten⸗
5240 1388 6582 1441 frage und die damit zuſammenhängenden ländlichen Zuſtände einer
5239 1433 6581 1488 eingehenden Prüfung zu unterziehen und deren Ergebniß dem deutſchen
5238 1477 6574 1531 Landwirthſchaftsrath Behufs weiterer Behandlung der Sache mitzu⸗
5233 1523 5375 1565 theilen.
5325 1566 6575 1619 IV. 1) Bei der Erlaſſung eines Zwangsvollſtreckungsgeſetzes in
5233 1607 6573 1660 Liegenſchaften für das Deutſche Reich iſt auf Annahme des ſogenannten
5237 1651 6577 1705 Deckungsſyſtems (im Gegenſatze zum Verkaufsſyſtem) Bedacht zu
5231 1695 6578 1751 nehmen; die im Mahnverfahren ergehenden Vollſtreckungsbefehle
5241 1739 6575 1792 ſollen eine Zwangshypothek an den Liegenſchaften des Schuldners
5234 1783 5532 1831 nicht begründen.
5314 1828 6576 1881 2) Von der Zwangsvollſtreckung in landwirthſchaftliche Anweſen
5236 1867 6579 1926 ſoll (allgemein oder doch wenigſtens gegenüber der Zwangs⸗ und
5237 1914 6580 1970 Sicherungshypothek) — in folgerichtiger Ausbildung des dem §. 715
5233 1959 6576 2014 der C⸗P⸗O. zu Grunde liegenden Gedankens — unter Wahrung
5236 2003 6575 2058 der Rechte der Gläubiger, die zur Zeit der Erlaſſung eines ſolchen
5236 2048 6571 2102 Spezialgeſetzes bereits beſtanden haben, ein Beſitzminimum, über
5234 2092 6573 2145 deſſen Größe die Landesgeſetzgebung Beſtimmung zu treffen hat und
5234 2138 6573 2191 das neben den nöthigen Wohn⸗ und Wirthſchaftsräumen eine im Ver⸗
5228 2180 6574 2239 hältniß zum Geſammtbeſitz zu bemeſſende Fläche Land zu umfaſſen
5233 2222 5708 2270 hätte, ausgenommen ſein.
5313 2270 6571 2323 3) Es ſoll (in Nachbildung der bezüglichen Vorſchriften des für
5229 2311 6572 2369 Oeſterreich ergangenen Zwangsvollſtreckungsgeſetzes) überall dann,
5228 2357 6573 2414 wenn bei der Zwangsvollſtreckung in landwirthſchaftliche Grundſtücke
5229 2401 6571 2460 auf dem Verſteigerungstermin (Tagfahrt) ein beſtimmter, im Geſetz
5224 2444 6568 2500 zu bezeichnender Theil des Schätzungswerths der Liegenſchaft nicht er⸗
5228 2490 6576 2545 reicht wird, der Richter befugt ſein, auf Antrag des Schuldners die
5231 2528 6572 2591 Einſtellung des Verfahrens zu verfügen mit der Wirkung, daß inner⸗
5228 2576 6575 2636 halb gewiſſer, nicht zu kurz zu bemeſſender Friſt die Wiederaufnahme
5226 2621 5837 2668 des Verfahrens unterſagt bleibt.
5310 2664 6564 2722 Landes⸗Oekonomie⸗Rath Freiherr Dr. von Canſtein (Berlin)
5225 2709 6566 2766 berichtete alsdann über die Thätigkeit der im vergangenen Jahre ge⸗
5221 2751 6567 2809 wählten Kommiſſion zur Bekämpfung der Futtermittel⸗Ver⸗
5223 2793 6567 2857 fälſchung. Die Kommiſſion habe ſich mit dem Verbande deutſcher
5224 2837 6558 2901 Müllerei⸗Intereſſenten, Futtermittel⸗Fabrikanten ꝛc. in Verbindung geſetzt,
5225 2882 6558 2943 Die Kommiſſion habe bereits günſtige Erfolge erzielt, es ſei gelungen,
5232 2928 6558 2987 verſchiedene Fälſchungen feſtzuſtellen, es würde ſich daher empfehlen,
5223 2976 6570 3033 die Kommiſſion weiter beſtehen zu laſſen. — Der Landwirthſchafts⸗
5229 3018 6565 3076 rath beſchloß, ſogleich dem Wunſche des Antragſtellers ſtattzugeben. —
5222 3062 6566 3117 Oekonomie⸗Rath Uhlemann (Görlitz in Sachſen) referirte alsdann
5223 3107 6572 3165 über das Eiſenbahntarifweſen. Die Verſammlung ſtimmte
5222 3151 5590 3195 dieſem Berichte zu.
5316 3196 6561 3249 Den folgenden Gegenſtand bildete: Der Kontraktbruch der
5218 3239 6569 3293 ländlichen Arbeiter. Der Referent, Rittergutsbeſitzer Landrath a. D.
5219 3285 6572 3339 von Roeder (Ober⸗Ellguth i. Schleſ.) ſtellte den Antrag: „1) Der
5220 3328 6568 3386 deutſche Landwirthſchaftsrath wolle erklären: eine reichsgeſetzliche Rege⸗
5217 3373 6567 3427 lung der Frage, betreffend den Kontraktbruch der ländlichen Arbeiter und
5218 3418 6572 3474 des Geſindes, iſt erforderlich. 2) Der deutſche Landwirthſchaftsrath wolle
5219 3460 6560 3514 ſeinen Ausſchuß erſuchen: nach Rückfrage bei den deutſchen Central⸗
5219 3507 6568 3561 vereinen beſtimmte Vorſchläge zu machen darüber, in welcher Weiſe
5217 3551 6569 3606 dieſe Regelung erfolgen ſoll. Die den Centralvereinen vorzulegen⸗
5216 3595 6562 3650 den Fragen würden etwa folgende ſein: 1) Welche Beſtimmungen
5220 3637 6564 3691 ſind im dortigen Bezirk gegenwärtig maßgebend hinſichtlich des
5216 3683 6561 3737 Kontraktbruchs der ländlichen Arbeiter und des Geſindes? 2) Soll
5222 3728 6555 3780 eine reichsgeſetzliche Regelung der einſchlagenden Beſtimmungen er⸗
5219 3771 6565 3826 folgen: a durch Einführung bezw. Ausdehnung der polizeilichen Zwangs⸗
5219 3816 6554 3870 mittel? b. durch Einführung bez. Verſchärfung der Strafbeſtim⸗
5216 3862 6564 3914 mungen? c. durch Einführung der Beſtimmung, daß Arbeiter nur
5219 3907 6556 3958 angenommen werden dürfen, wenn ſie eine Beſcheinigung beibringen,
5215 3950 6560 4002 daß dem Arbeitsverhältniß kein Hinderniß entgegenſteht und daß der
5217 3994 6553 4045 neue Arbeitgeber, wenn er dieſer Beſtimmung entgegen handelt, nicht
5215 4039 6559 4089 nur ſtraffällig, ſondern auch dem rechtmäßigen Arbeitgeber gegenüber
5214 4084 6559 4133 regreßpflichtig wird? d. welche weiteren Anträge werden von den
5217 4127 5816 4170 Centralvereinen noch geſtellt?“
5304 4171 6554 4222 Oekonomie⸗Rath Dr. Buerſtenbinder (Braunſchweig) befür⸗
5213 4217 6558 4266 wortete folgenden Antrag: I. Der deutſche Landwirthſchaftsrath erklärt:
5213 4260 6556 4314 1) Der immer mehr um ſich greifende Kontraktbruch der ländlichen
5214 4304 6558 4355 Arbeiter gefährdet nicht nur den landwirthſchaftlichen Betrieb des
5214 4349 6558 4399 einzelnen Arbeitgebers, ſondern hat durch Schädigung der produzirten
5210 4392 6557 4442 Nahrungsmittel und Schwächung der Leiſtungsfähigkeit des Grund⸗
5214 4436 6553 4488 beſitzes gemeingefährliche Ausdehnung angenommen; eine reichsgeſetz⸗
5212 4482 6558 4531 liche Regelung dieſer Frage iſt deshalb erforderlich. 2) Die civil⸗
5216 4526 6555 4577 rechtliche Schadenerſatzklage zur Verfolgung der verletzten Rechte des
5214 4570 6559 4621 Arbeitsgebers iſt in faſt allen Fällen bei der Beſitzloſigkeit des
5212 4614 6555 4664 Arbeiterſtandes erfolglos. 3) Das Verſahren bei Streitigkeiten
5209 4659 6547 4710 zwiſchen Arbeitgeber und Arbeitnehmer über Antritt, Fortſetzung
5209 4703 6554 4754 und Aufhebung des Dienſt⸗ und Arbeitsverhältniſſes muß durch
5214 4747 6549 4798 ſofort vollſtreckbare Entſcheidung der Orts⸗Polizeibehörde ge⸗
5210 4792 6544 4846 regelt werden, ohne der ſpäteren richterlichen Entſcheidung vorzugreifen.
5208 4834 6547 4884 4) Der böswillige Kontraktbruch ſowie die Verleitung zu demſelben
5209 4876 6550 4928 iſt ſtrafrechtlich zu verfolgen und mit angemeſſenen Strafen zu be⸗
5209 4919 6554 4973 drohen. 5) Eine Einbehaltung des Lohnes zu einem prozentualen
5215 4963 6549 5016 Satze oder für eine beſtimmte Zeitdauer iſt dem Arbeitgeber bis zur
5211 5007 6550 5060 Erfüllung des Kontraktes durch den Arbeiter bei vorher erfolgter Ab⸗
5212 5051 6552 5104 machung geſtattet. II. Der deutſche Landwirthſchaftsrath beſchließt
5207 5093 6552 5148 6) ſeinen Vorſtand zu beauftragen, an den Herrn Reichskanzler das
5215 5139 6555 5192 Erſuchen zu richten, im Sinne vorſtehender Erklärungen eine reichs⸗
5214 5182 6549 5233 geſetzliche Regelung der Beſtimmungen über den Kontraktbruch herbei⸗
5213 5227 6398 5281 zuführen.“ — Die Debatte hierüber wurde auf heute vertagt.
5304 5272 6548 5328 In der heutigen Sitzung wurde ſchließlich der Antrag des Refe⸗
5206 5316 6550 5366 renten abgelehnt, der Antrag des Korreferenten Landes⸗Oekonomie⸗
5209 5361 6456 5410 Raths Dr. Buerſtenbinder dagegen faſt einſtimmig angenommen.
5608 5462 6153 5506 Zur Arbeiterbewegung.
5292 5506 6548 5560 Das Centralorgander ſozialdemokratiſchen Partei „Vor⸗
5208 5556 6542 5604 wärts“ veröffentlicht nunmehr die Anſprache der Reichstagsfraktion
5203 5600 6544 5648 an die Parteigenoſſen. (Vgl. Nr. 26d. Bl.) Es heißt in derſelben u. A.:
5207 5644 6542 5689 In Ausführung des auf dem Parteitage zu Halle a. S. gefaßten Be⸗
5201 5688 6545 5733 ſchluſſes und in Rückſicht auf die Nothwendigkeit, die im Jahre 1889 vom
5203 5733 6540 5779 internationalen Arbeiterkongreß zu Paris beſchloſſene Kundgebung
5203 5777 6543 5821 zu Gunſten des Achtſtundentags zu einer einheitlichen und
5204 5820 6539 5866 wirkſamen zu geſtalten, hat die Fraktion mit allen gegen
5200 5865 6541 5912 eine Stimme beſchloſſen: Den deutſchen Arbeitern zu
5203 5908 6549 5954 empfehlen, die Maifeier am erſten Sonntag im Mai
5204 5952 6539 6001 zu begehen, und weiter dahin zu wirken, daß auch für die Zukunft
5201 5997 6542 6043 der gleiche Tag feſtgehalten wird. Als Hauptgrund für dieſe Ent⸗
5205 6039 6549 6089 ſcheidung fiel ins Gewicht, daß ein Tag zu wählen ſei, welcher der
5203 6084 6544 6131 geſammten Arbeiterklaſſe die Betheiligung an der Kund⸗
5203 6127 6539 6177 gebung ermöglicht. — Hierzu erſcheint nur der Sonntag
5204 6172 6549 6220 geeignet. Als beſondere „Hinderungsgründe“ für das laufende
5201 6214 6539 6264 Jahr (der Wahl des Sonntags vor dem Wochentage den Vorzug zu
5204 6259 6547 6311 geben) wird die außergewöhnlich lang andauernde Arbeitsloſigkeit
6649 354 8007 411 während der verfloſſenen harten Wintermonate und die zunehmende
6651 403 7998 450 wirthſchaftliche Kriſe angeführt, welche „die geſammte Arbeiterſchaft
6653 447 7996 499 in noch böherem Grade als ſonſt der Willkür der Unternehmer preis⸗
6648 492 8004 544 giebt“. — Es ſollen nun unverzüglich alle Vorbereitungen für die
6648 535 7994 589 Feier getroffen werden, welche insbeſondere in Maſſenausflügen,
6653 580 7982 629 Maſſenumzügen und Maſſenverſammlungen beſtehen ſoll
6744 622 7996 677 Aus Breslau wird der „Köln. Ztg“ unter dem 3. d. M. ge⸗
6651 663 7999 720 ſchrieben: Zum erſten Mal hat die ſozialdemokratiſche Partei
6651 711 7996 764 hierſelbſt einen „Parteitag für Schleſien und Poſen“ abge⸗
6647 755 7991 808 halten. Es waren 64 Deputirte erſchienen. Der Reichstags⸗Abge⸗
6648 795 7991 852 ordnete Tutzauer ſprach über Organiſation und Agitation. Es
6650 842 7988 897 ſolle ein Netz von allen möglichen Arbeitervereinen über ganz
6651 887 7992 940 Schleſien und Poſen ausgebreitet werden; dieſelben müßten, da das
6648 929 7991 986 Vereinsgeſetz ihre Zuſammenfaſſung verbiete, durch das geiſtige
6649 975 7995 1028 Band der Idee zuſammengefügt werden. Zu Agitatoren ſeien die
6646 1019 7994 1072 gewerkſchaftlich vorgeſchrittenen Genoſſen am Geeignetſten und für die
6646 1062 7992 1116 ländliche Agitation eigneten ſich die auf dem Lande aufgewachſenen
6644 1106 7987 1160 Leute. In Oberſchleſien und Poſen würden polniſche Agita⸗
6645 1148 7988 1206 toren, d. h. ſolche, die des Polniſchen in Wort und Schrift mächtig
6647 1191 7988 1247 ſind, allgemeine Bildung beſitzen und über gute Kenntniſſe in der
6647 1239 7992 1292 Sozialpolitik verfügen, vorgebildet, und ihre Ausbildung ſei bald
6644 1283 7988 1336 beendet, ſodaß ſie dann ſofort ins Feuer geſchickt werden könnten.
6645 1327 7993 1381 Immerhin ſei das Material an guten Rednern knapp, und das werde
6646 1371 7992 1426 die ſchnelle Ausbreitung der Sozialdemokratie auf dem flachen Lande
6645 1413 6837 1453 behindern.
6736 1459 7986 1512 In Neumünſter tagte, wie der „Vorwärts“ berichtet, am
6643 1503 7988 1558 1. und 2. d. M. ein Parteitag für Schleswig⸗Holſtein.
6643 1547 7983 1604 Vertreten waren 54 Orte durch 75 Delegirte. Ueber die Orga⸗
6641 1591 7983 1647 niſation der Partei ſprach Bentrup aus Flensburg, den Organi⸗
6645 1635 7981 1690 ſationsentwurf, wie er auf dem Parteitage in Halle angenommen,
6642 1679 7981 1735 erläuternd. Molkenbuhr ſprach über die Agitation in der Provinz,
6642 1723 7985 1777 darauf hinweiſend, daß die ſozialdemokratiſchen Ideen auch unter den
6642 1767 7988 1828 ländlichen Arbeitern, die zum überwiegenden Theil der Partei
6639 1811 7465 1863 noch fern ſtehen, verbreitet werden müßten.
6730 1855 7981 1912 Der „Hag. Ztg.“ wird aus Silſchede geſchrieben: In der Ver⸗
6643 1899 7980 1957 handlung der Belegſchaft von Zeche „Vereinigte
6643 1944 7979 2001 Trappe“ am Dienſtag iſt aller Wahrſcheinlichkeit nach die Grund⸗
6642 1988 7978 2045 lage für eine Verſtändigung gelegt worden Geheimer Rath Boelling
6640 2033 7983 2089 aus Köln, der den Grubenvorſtand vertrat, hat den Lohnforderungen (4 ℳ
6639 2076 7981 2138 für den Vorhauer und 2,50 ℳ für Schlepper und dergl. pro Schicht)
6643 2120 7979 2177 zugeſtimmt. Hinſichtlich des früher erwähnten Verhaltens einiger
6643 2164 7980 2218 Zechenbeamten wünſcht man eine Aenderung und überhaupt eine be⸗
6642 2208 7978 2268 ſtimmtere Zuſicherung des Vereinbarten. Geſtern ſollte eine Sitzung
6639 2253 7983 2310 des Grubenvorſtandes ſtattfinden und man hielt es nicht für
6636 2296 7979 2354 ausgeſchloſſen, daß die Belegſchaft ſchon heute Mittag wieder an⸗
6639 2341 6900 2385 fahren würde.
6728 2386 7982 2443 Die „Rh.⸗Weſtf. Ztg.“ meldet aus Bochum nach einem Tele⸗
6640 2431 7977 2486 gramm der „Köln. V.⸗Ztg.“, daß am 15. d. M. eine Delegirten⸗
6638 2475 7979 2526 verſammlung ſämmtlicher Zechen des niederrheiniſch⸗
6638 2519 7981 2574 weſtfäliſchen Induſtriebezirks ſtattfinde, deren Zweck die Auf⸗
6638 2563 7976 2618 ſtellung der den Bergwerks⸗Verwaltungen vorzulegenden Forderun⸗
6637 2608 7977 2664 gen auf Grund der Müllenſiefen'ſchen Erklärung ſei.
6637 2651 7979 2707 Auch die Bergleute des Saar⸗, Wurm⸗ und ſchleſiſchen
6632 2696 7981 2757 Reviers ſeien eingeladen, und die Führer aller Bezirke würden ſich
6630 2740 7980 2798 beth iligen. Die beiden Bergarbeiter⸗Verbände ſeien „in dieſer Be⸗
6633 2785 6905 2828 ziehung“ einig.
6722 2827 7990 2883 In Duderſtadt veranſtalteten die Sozialdemokraten am
6632 2873 7977 2927 Dienſtag eine öffentliche Volksverſammlung, welche, wie der „Hann. C.“
6632 2918 7988 2972 mittheilt, aus Stadt und Umgegend ſehr ſtark beſucht war. Von
6631 2962 7984 3013 der über 600 Perſonen zählenden Verſammlung beſtand jedoch kaum
6627 3006 7989 3060 der ſechſte Theil aus Leuten, die ſich offen zur Sozialdemokratie be⸗
6626 3050 7988 3100 kennen; die Mehrzahl waren Katholiken, die zum Theil unter An⸗
6632 3093 7989 3146 führung ihrer Geiſtlichen erſchienen waren, um den Sozialiſten ent⸗
6628 3137 7988 3189 gegenzutreten. Der von letzteren beanſpruchte Vorſitz wurde ihnen
6633 3180 7987 3230 durch eine erdrückende Mehrheit verweigert. Der ſozialdemokratiſche
6633 3223 7986 3273 Agitator Paul aus Hannover kam erſt an dritter Stelle zum Wort.
6634 3267 7988 3320 Er hatte die Lage vollkommen begriffen und half ſich nicht ungeſchickt,
6633 3311 7992 3365 indem er zu allgemeiner Ueberraſchung einen Vortrag über das
6636 3355 7990 3412 Invaliditäts⸗ und Altersverſorgungsgeſetz hielt, der ſtreng
6635 3400 7993 3455 ſachlich und frei von jedem Angriff auf das Geſetz war.
6629 3444 7991 3497 Aufgefordert, das angekündigte Thema: „Die Beſtrebungen der
6635 3488 7986 3541 Sozialdemokratie“ zu erörtern, hielt er noch eine Rede über dieſes
6633 3533 7984 3580 Thema, in der er ſich auch ſehr gemäßigt zeigte und unter Anderem
6629 3577 7985 3630 hervorhob, daß ſeine Partei keineswegs den gewaltſamen Umſturz
6628 3621 7985 3675 wolle, ſondern auf friedlichem Wege ihre Ziele zu erreichen trachte,
6630 3666 7982 3717 daß ſie als Gegnerin jedes Ausnahmegeſetzes auch für die Rück⸗
6632 3709 7984 3763 berufung der Jeſuiten eintreten werde. Die letzte Erklärung wurde
6626 3753 7982 3806 mit Stillſchweigen hingenommen. Nach Paul ſprachen noch zwei
6628 3797 7918 3851 katholiſche Geiſtliche, worauf die Verſammlung geſchloſſen wurde.
6722 3841 7980 3895 In Leipzig fand vorgeſtern eine zweite Verſammlung der
6626 3886 7986 3941 Delegirten aus den Schneiderwerkſtätten ſtatt, in welcher
6625 3930 7980 3984 der „Lpz. Ztg.“ zufolge die Berichterſtattung über die Lohn⸗
6626 3974 7981 4026 und Arbeitsverhältniſſe fortgeſetzt und ſodann beſchloſſen
6626 4018 7981 4070 wurde, in jeder Werkſtelle eine beſondere Kaſſe zu errichten, aus der
6623 4062 7981 4118 die Mittel zur Unterſtützung durchreiſender Kollegen an den Vertrauens⸗
6624 4107 7982 4160 mann abgegeben werden ſollen. Weiter beſchäftigte ſich die Verſamm⸗
6622 4150 7981 4204 lung mit der Frage der beſſeren Organiſation und wirkſameren
6623 4195 7986 4248 Agitation unter der Leipziger Gehülfenſchaft und eſchloß, die
6619 4239 7982 4292 Agitationskommiſſion zur Abhaltung öffentlicher Verſammlungen in
6620 4283 7981 4335 den Vororten und bei dieſen Gelegenheiten die Wahl von Vertrauens⸗
6626 4327 7721 4376 perſonen für dieſe Vororte bezw. Bezirke zu veranlaſſen.
6710 4371 7979 4426 Wie der „Köln. Ztg.“ aus Charleroi telegraphirt wird, haben
6619 4414 7977 4471 die 300 Arbeiter des Walzwerks Pierard wegen Lohnkürzung
6621 4458 7028 4502 die Arbeit eingeſtellt.
7011 4554 7592 4610 Kunſt und Wiſſenſchaft.
6725 4633 7984 4687 Der hieſige franzöſiſche Botſchafter Herbette hat, wie die
6623 4682 7977 4732 „Nat.⸗Ztg.“ mittheilt, folgendes Schreiben an das Organiſations⸗
6619 4726 7984 4781 comité der Berliner internationalen Kunſtausſtellung
6614 4770 7981 4821 gerichtet: „Ich habe das Schreiben erhalten, das Sie unter dem
6618 4814 7976 4864 22. Januar an mich gerichtet haben, und in welchem Sie dem
6617 4857 7980 4912 Wunſch Ausdruck leihen, daß ſich hervorragende franzöſiſche
6618 4900 7982 4953 Maler und Bildhauer an der im Mai zu eröffnenden Ber⸗
6617 4945 7977 4998 liner Kunſtausſtellung betheiligen möchten. Die Regierung der Fran⸗
6618 4989 7981 5042 zöſiſchen Republik hat mit Dank dieſe gefällige Mittheilung, die
6611 5034 7980 5083 ich mich beeilt habe ihr zu unterbreiten, entgegengenommen, und
6615 5077 7966 5128 wenn ſie auch nicht in amtlicher Weiſe bei einem Privatunternehmen
6617 5121 7974 5171 ſich betheiligen kann, ſo wird ſie doch mit Vergnügen ſeben, wenn
6615 5165 7972 5218 die franzöſiſchen Künſtler dem an ſie ergangenen Ruf Folge leiſten.
6615 5209 7973 5259 Die Regierung giebt ſich dabei gern der Hoffnung hin, daß, unge⸗
6611 5253 7968 5303 achtet des Zuſammenfallens der in Paris, München und Moskau
6615 5296 7973 5348 in dieſem Jahre zu veranſtaltenden Ausſtellungen, die franzöſiſchen
6615 5341 7976 5392 Künſtler es möglich zu machen wiſſen werden, eine der Berliner
6616 5384 7966 5436 Ausſtellung würdige Kollektion von Kunſtwerken zur Anſchauung zu
6616 5427 6793 5471 bringen.“
6699 5471 7971 5519 — Der Hauptvorſtand der Allgemeinen deutſchen Kunſt⸗
6610 5515 7968 5563 genoſſenſchaft, als welcher z. Z. der Vorſtand des Vereins Ber⸗
6608 5558 7973 5609 liner Künſtler fungirt, hat der „Nat⸗Ztg.“ zufolge nach reiflicher
6616 5603 7968 5654 Prüfung der Verhältniſſe beſchloſſen, von einer Betheiligung an der
6609 5646 7970 5699 durch Hrn. John K. Whitely vertretenen deutſchen Aus⸗
6613 5690 7516 5735 ſtellung in London Abſtand zu nehmen.
6699 5735 7970 5785 — Der Verein deutſcher Ingenieure hat zwei Preis⸗
6610 5778 7958 5826 ausſchreiben erlaſſen, welche in ihren Zielen ſich mit der Löſung
6611 5821 7967 5875 der Frage beſchäftigen, wie in den großen Städten der Beläſtigung
6612 5865 7961 5913 durch Rauch und Ruß abgeholfen werden könne, möge dieſe Be⸗
6613 5910 7961 5955 läſtigung nun von Fabrikanlagen oder von Feuerungseinrichtungen für
6611 5953 7961 6001 Haushaltungszwecke herrühren. Unter Ausſetzung von 8000 ℳ ſoll
6611 5998 7958 6043 zunächſt eine Feſtſtellung unſerer derzeitigen Erkenntniſſe auf
6608 6041 7962 6091 dem in Frage ſtehenden Gebiet angeſtrebt werden. — In
6607 6086 7964 6132 dem erſten Preisausſchreiben wird verlangt eine Abhand⸗
6607 6130 7964 6175 lung über die bei Dampfkeſſeln angewandten Feuerungs⸗
6611 6174 7957 6217 einrichtungen zur Erzielung einer möglichſt rauchfreien Verbrennung.
6610 6216 7964 6264 (Löſungsfriſt: 31. Dezember 1892). In dem zweiten Preisausſchreiben
6611 6261 7953 6306 wird verlangt eine Abhandlung über diejenigen Feuerungseinrichtungen,
8065 360 9411 421 welche für Haushaltungszwecke und für die gewerblichen Betriebe,
8063 413 9415 467 namentlich der größeren Städte Behufs Erzielung einer möglichſt
8067 457 9409 511 rauchfreien Verbrennung bisher angewandt wurden. Mit den Dampf⸗
8065 499 9404 554 keſſelfeuerungen, für welche das erwähnte beſondere Preisausſchreiben
8063 546 9406 598 erlaſſen worden iſt, braucht ſich die letztere Abhandlung nur inſoweit
8058 589 9408 644 zu befaſſen, als ſie, gegebenenfalls geſtützt auf die Löſung der ſoeben
8064 630 9401 690 bezeichneten Preisaufgabe, in eine Klarſtellung der verhältnißmäßigen
8065 678 9404 733 Vollkommenheit oder Unvollkommenheit der Dampfkeſſelfeuerungen
8068 722 9405 775 gegenüber den Feuerungen dieſes Preisausſchreibens einzutreten hat.
8063 766 9407 820 (Löſungsfriſt: 31. Dezember 1894) — Die bewährten Feuerungseinrich⸗
8065 811 9408 867 tungen ſind durch Zeichnungen möglichſt vollſtändig darzuſtellen. Das
8068 855 9403 911 Preisgericht iſt ermächtigt, als Entſchädigung für dieſe Zeichnungs⸗
8061 899 9403 951 arbeit (außer dem Preiſe von je 3000 ℳ) eine Vergütung bis zur
8063 943 9406 997 Höhe von je 1000 ℳ zuzuerkennen. Die Preisbewerbung iſt un⸗
8061 988 9406 1039 beſchränkt insbeſondere weder an die Mitgliedſchaft des Vereins
8061 1032 9407 1085 deutſcher Ingenieure, noch auch an die deutſche Staatsangehörigkeit
8059 1077 8241 1120 gebunden.
8143 1118 9400 1171 — Die Ausführung des Grimm⸗Denkmals in Hanau iſt,
8057 1165 9408 1216 wie man der „Frkf. Ztg.“ von dort berichtet, am 4 d. M. dem
8060 1209 9408 1261 Profeſſor Eberle in München durch das Grimm⸗Comité übertragen
8057 1253 9412 1305 worden. Nach dem Vertrage ſoll das Denkmal, die Hauptgruppe aus
8058 1297 9406 1349 Bronze, der Sockel aus polirtem ſchwediſchem Syenit, in 3 ½ Jahren
8058 1342 9401 1393 fertig ſein und 80 000 ℳ koſten, welcher Betrag bis dahin flüſſig
8058 1386 9411 1435 ſein wird. Wenn es aber dem Comité gelingen ſollte, noch weitere
8054 1429 9408 1483 Mittel zu erhalten, dann ſoll ein reicherer Unterbau hergeſtellt und
8055 1475 9414 1524 dadurch der Betrag auf 95 000 ℳ erhöht werden. Die Figuren
8055 1518 9405 1567 werden eine Höhe von 3 bis 3,20 m haben, ſodaß mit proportionirtem
8050 1562 9168 1610 Unterbau die Höhe des Denkmals ca. 7 m betragen wird.
8140 1606 9401 1660 — Einem Reuter'ſchen Telegramm zufolge liegt das britiſche
8050 1651 9400 1701 Kriegsſchiff „Melitta“ bei Salamis, um ein rieſiges antikes,
8050 1695 9401 1747 einen Stier darſtellendes, 40 Tonnen (80 000 Pfd.) wiegendes
8054 1738 9402 1792 Bildwerk, welches für das Britiſche Muſeum in London beſtimmt
8052 1779 8525 1833 iſt, an Bord zu nehmen.
8046 1875 9402 1940 Geſundheitsweſen, Thierkrankheiten und Abſperrungs⸗
8581 1936 8875 1986 Maßregeln.
8555 2001 8883 2049 Niederlande.
8134 2047 9396 2101 Nach einer Verfügung der Königlich niederländiſchen Miniſter
8049 2094 9401 2143 des Jenern und der Finanzen vom 23. Januar 1891 iſt die Ver⸗
8049 2138 9394 2193 fügung vom 7. Auguſt 1890, durch welche die Ein⸗ und Durchfuhr
8046 2183 9393 2233 von Lumpen, gebrauchten Kleidungsſtücken und ungewaſchener Leib⸗
8044 2226 9395 2280 und Bettwäſche aus Rio de Janeito verboten wurde, aufgehoben
8049 2277 8184 2309 worden.
8582 2311 8854 2359 Dänemark.
8138 2355 9396 2407 Durch Verfügung des Königlich däniſchen Juſtiz⸗Miniſteriums
8047 2403 9395 2455 vom 13. Januar 1891 ſind für die Farör⸗Inſeln die geſetzlichen Vor⸗
8050 2446 9393 2498 ſchriften, betreffend die geſundheitspolizeiliche Unterſuchung, auch gegen
8048 2490 9392 2540 St. Petersburg wegen der daſelbſt aufgetretenen Kinderpocken in Kraft
8046 2535 9392 2584 geſetzt worden. (Vergl. Reichs⸗Anzeiger Nr. 292 vom 4. De⸗
8044 2579 8306 2620 zember 1890.)
8041 2659 9396 2719 Sterblichkeits⸗ und Geſundheitsverhältniſſe im Monat
8530 2708 8897 2753 Dezember 1890.
8110 2751 9390 2806 Gemäß den Veröffentlichungen des Kaiſerlichen Geſundheitsamts
8049 2797 9390 2849 ſind im Monat Dezember v. J. von je 1000 Perſonen, auf den
8050 2843 9386 2893 Jahresdurchſchnitt berechnet, als geſtorben gemeldet: in Berlin 19,7,
8050 2886 9391 2937 in Breslau 27,4, in Königsberg 25,2, in Köln 29,5, in Kaſſel 14,1, in
8048 2928 9387 2981 Magdeburg 24,5, in Stettin 28,7, in Altona 25,5, in Hannover 20,6,
8049 2973 9389 3025 in Frankfurt a. M. 19,2, in Wiesbaden 22,3, in München 28,6,
8050 3017 9391 3068 in Nürnberg 32,2, in Augsburg 30,3, in Dresden 18,9, in Leipzig
8051 3060 9398 3114 20,0, in Stuttgart 18,9, in Karlsruhe 17,1, in Braunſchweig 22,6, in
8057 3103 9390 3156 Hamburg 23,7, in Straßburg 26,0, in Metz 19,4, in Amſterdam 30,6,
8054 3147 9392 3198 in Brüſſel 26,7, in Budapeſt 29,0, in Chriſtiania 18,0, in Dublin 31,6,
8057 3190 9398 3244 in Edinburg 20,8, in Glasgow 25,9, in Kopenhagen 18,2, in Krakau
8054 3234 9396 3289 32,7, in Liverpool 28,3, in London 24,6, in Lyon ?, in Odeſſa
8058 3279 9394 3330 23,8, in Paris 26,5, in St. Petersburg 26,0, in Prag 27,9, in
8062 3322 9400 3383 Stockholm 22,7, in Trieſt 28,5, in Turin (Oktober) 20,1, in Venedig
8057 3366 9392 3417 39,5, in Warſchau 27,5, in Wien 24,7. — (Für die außerdeutſchen
8058 3410 9396 3462 Städte iſt der Zeitraum von 5 Wochen, vom 30. November bis
8055 3455 8595 3499 3. Januar zuſammengefaßt.)
8143 3499 9394 3551 Der Geſundheitszuſtand im Monat Dezember v. J. war in der
8053 3543 9400 3597 überwiegenden Mehrzahl der größeren Orte Europas wohl ein
8058 3588 9394 3640 günſtiger, doch vielfach ein weniger guter als in dem vorangegangenen
8055 3631 9392 3681 Monat November. Insbeſondere hat unter den deutſchen Orten die
8056 3674 9391 3726 Zahl der Städte mit ſehr geringer Sterblichkeit (bis 15,0 pro Mille
8051 3720 9381 3770 und Jahr) abgenommen, ſodaß nur ſechs Städte (Bockenheim, Celle,
8051 3762 9383 3816 Kaſſel, Kolberg, Merſeburg und Neuenkerchen) gegen 21 des Vor⸗
8051 3809 9384 3858 monats mit ſolch' geringer Sterblichkeit gemeldet wurden. Da⸗
8055 3853 9381 3901 gegen ſtieg die Sterblichkeit in zehn deutſchen Orten (gegen zwei im
8052 3894 9381 3946 Vormonat) auf über 35,0 pro Mille und Jahr und zwar in Burg,
8054 3936 9379 3990 Düren, Grünberg, Mülheim a/Rr., Stolp, Erlangen, Paſſau, Greiz,
8057 3985 9382 4031 Harburg und Bamberg. in welch' letzterem Orte die Sterblichkeits⸗
8054 4029 9377 4077 ziffer auf 43,3 pro Mille anſtieg Die Zahl der deutſchen Städte,
8050 4074 9379 4122 deren Sterblichkeitsziffer günſtige (bis 20,0 pro Mille und Jahr) blieb,
8049 4118 9381 4166 war keine ſehr anſehnliche (39), und erreichte bei Weitem nicht die Höhe
8046 4162 9381 4206 des Vormonats, in dem 91 ſolcher Städte gemeldet wurden. Wir
8049 4205 9377 4253 erwähnen hier von denſelben Berlin, Bielefeld, Dortmund, Frank⸗
8048 4250 9374 4296 furt a /M., Gleiwitz, Göttingen, Kreu nach, Küſtrin, Langenbielau,
8051 4293 9372 4341 Lüneburg, Neiße, Neuſtadt O.⸗S., Paderborn, Ratibor, Thorn,
8051 4338 9371 4384 Weſel, Wilhelmshaven, Kaiſerslautern, Dresden, Leipzig, Zwickau,
8049 4381 9370 4428 Heilbronn, Reutlingen, Stuttgart, Ulm, Karlsruhe, Mainz, Offenbach,
8046 4426 9375 4471 Schwerin i. M, Weimar, Gotha, Metz und von außerdeutſchen Orten
8048 4470 9374 4515 Chriſtiania und Kopenhagen. In 50 deutſchen Orten (gegen 34 des
8045 4514 9369 4559 Vormonats, von denen wir hier nur Aachen, Barmen, Eſſen,
8046 4557 9368 4604 Gneſen, Görlitz, Halle, Hannover, Hirſchberg, Inſterburg, Kattowitz,
8045 4601 9369 4646 Liegnitz, Memel, Münſter i. W., Nordhauſen, Poſen, Potsdam,
8052 4645 9369 4695 Schleswig, Solingen, Stralſund, Wiesbaden, Hof, Speyer,
8043 4686 9367 4735 Bautzen, Rauen, Reichenbach, Zittau, Gmünd, Ludwigsburg,
8043 4733 9368 4780 Konſtanz, Mannheim, Darmſtadt, Braunſchweig, Lübeck, Bremen,
8046 4775 9368 4820 u. a. und von außerdeutſchen Städten: Edinburg und Stockholm,
8041 4820 9367 4863 nennen wollen, blieb die Sterblichkeit eine mäßig hohe, etwas über
8039 4863 9370 4909 20,0 pro Mille und Jahr. — Die Betheiligung des Säuglings⸗
8036 4908 9367 4953 alters an der Geſammtſterblichkeit war meiſt eine nur wenig gegen
8041 4951 9375 4996 den Vormonat geſteigerte. Von je 10 000 Lebenden ſtarben aufs
8043 4994 9370 5039 Jahr berechnet in Dresden 40, in Stuttgart 47, in Berlin 60, in
8042 5038 9374 5084 Hamburg 66, in München 102 Säuglinge. — Darmkatarrhe
8039 5083 9370 5128 und Brechdurchfälle der Kinder haben mehrfach, wie in
8042 5126 9366 5171 Berlin, Altona, Königsberg, Wien, Paris, St. Petersburg zuge⸗
8034 5166 9372 5216 nommen, in München und Hamburg forderten ſie weniger Opfer.
8041 5214 9374 5264 Dagegen ſtieg die Sterblichkeit der höheren Altersklaſſen
8042 5256 9372 5301 in den meiſten Orten, in Folge der in ganz Europa herrſchenden
8039 5301 9371 5351 ſtrengen Kälte, welche eine bedeutende Steigerung der Sterbefälle an
8036 5339 9370 5391 akuten Entzündungen der Athmungsorgane bervorrief, die
8036 5387 9366 5434 namentlich in Altona, Barmen, Berlin, Breslau, Charlottenburg,
8035 5431 9366 5480 Köln, Königsberg, Krefeld, München, Nürnberg, Dresden, Leipzig,
8038 5474 9374 5523 Braunſchweig, Bremen, Hamburg, Straßburg, Wien, Paris, London
8034 5518 9372 5563 und den größeren engliſchen Städten, ferner in Kopenhagen, Stock⸗
8033 5561 9367 5610 holm, St. Petersburg u. a. O. ungemein häufig waren. Auch
8026 5606 8999 5652 Lungenſchwindſucht führte häufiger zum Tode.
8120 5649 9369 5698 Die Infektionskrankheiten führten ebenfalls mehr Sterbe⸗
8029 5692 9370 5740 fälle als im November herbei, namentlich herrſchten Maſern und
8030 5736 9373 5785 Diphtherie, in mehreren Orten auch Scharlach und Keuch⸗
8028 5779 9374 5828 huſten, in außerdeutſchen Orten auch Pocken in größerer Aus⸗
8025 5823 9379 5875 dehnung, während Unterleibstyphus im Allgemeinen weniger
8025 5867 9377 5918 Todesfälle veranlaßte. Recht zahlreich waren Todesfälle an
8025 5910 9372 5963 Maſern in Amſterdam (86). Paris, London (453), Stockholm (77),
8027 5954 9379 6013 Wien und ſeinen Vororten; aber auch in Barmen. Elberfeld,
8021 5997 9373 6049 Köln, Stolp, Hamburg, München, Nürnberg, Straßburg, Liver⸗
8020 6042 9375 6093 pool, Venedig und im November auch in New⸗York
8018 6084 9384 6142 waren Todesfälle an Maſern häufig. In ernſter Ausdehnung
8024 6129 9385 6182 zeigten ſich Maſern auch in den preußiſchen Regierungsbezirken
8023 6172 9383 6227 Arnsberg, Poſen, Lüneburg, Schleswig und Stettin. — Das
8026 6217 9384 6274 Scharlachfieber hat in Breslau, Chemnitz, Hamburg, Frank⸗
8024 6260 9378 6315 furt a. O., Budapeſt, Liverpool, London, Odeſſa, Petersburg, War⸗
