3774 5115
894 39 3014 272 Deutſcher Reichs⸗Anzeiger
1903 351 2000 408 und
374 438 3536 704 Königlich Preußiſcher Staats⸗Anzeiger.
264 813 518 895 No. 1.
1053 846 1764 970 Berlin, Donnerſtag,
2157 887 2998 981 den 1. Januar, Mittags.
3395 903 3642 978 1891.
583 1098 1058 1160 Deutſches Reich.
606 1174 1024 1239 Verordnung,
264 1218 1372 1311 betreffend die Rechtsverhältniſſe in Deutſch⸗
707 1283 955 1334 Oſt⸗Afrika.
307 1321 1368 1412 Wir Wilhelm, von Gottes Gnaden Deutſcher Kaiſer,
392 1370 808 1430 König von Preußen ꝛc.
272 1419 1371 1497 verordnen auf Grund des Geſetzes, betreffend die Rechts⸗
270 1458 1380 1540 verhältniſſe der deutſchen Schutzgebiete (Reichs⸗Geſetzbl. 1888
271 1496 1371 1579 Seite 75) für Deutſch⸗Oſt⸗Afrika im Anſchluß an die Ver⸗
271 1544 1376 1623 ordnung vom 18. November 1887 (Reichs Geſetzbl. Seite 527),
270 1579 887 1644 im Namen des Reichs, was folgt:
774 1652 874 1703 §. 1.
346 1688 1374 1766 Das Geſetz über die Konſulargerichtsbarkeit vom 10. Juli
270 1728 1378 1811 1879 (Reichs⸗Geſetzbl. S. 197) kommt in Gemäßheit des §. 2
270 1773 1371 1850 des Geſetzes, betreffend die Rechtsverhältniſſe der deutſchen
273 1813 1371 1892 Schutzgebiete, in den Gebieten, auf welche ſich die Verordnung
276 1860 1371 1925 vom 18. November 1887 bezieht, ſowie in dem Seitens des
277 1895 1371 1976 Sultans von Sanſibar abgetretenen Küſtengebiet ſammt deſſen
276 1936 1371 2008 Zubehörungen und der Inſel Mafia vom 1. Januar 1891 ab
275 1981 1372 2055 mit den in dieſer Verordnung vorgeſehenen Abänderungen zur
268 2015 490 2076 Anwendung.
771 2073 866 2123 §. 2.
357 2111 1378 2185 Der Gerichtsbarkeit (§. 1 Abſatz 2) unterliegen alle Per⸗
270 2153 1377 2228 ſonen, welche in dem Schutzgebiete wohnen oder ſich aufhalten,
270 2197 1384 2260 oder bezüglich deren, hiervon abgeſehen, ein Gerichtsſtand
272 2236 1381 2300 innerhalb des Schutzgebiets nach den zur Geltung kommenden
273 2275 1383 2336 Geſetzen begründet iſt, die Eingeborenen jedoch nur, inſoweit
270 2317 1379 2380 ſie nach der bisherigen Uebung der Gerichtsbarkeit des Reichs⸗
276 2361 796 2404 kommiſſars unterſtellt waren.
786 2422 871 2466 §. 3.
352 2463 1383 2524 Der Gouverneur beſtimmt mit Genehmigung des Reichs⸗
273 2504 1384 2566 kanzlers, wer als Eingeborener im Sinne dieſer Verordnung
281 2546 1381 2604 anzuſehen iſt und inwieweit Eingeborene der Gerichtsbarkeit
274 2586 1379 2653 über das in §. 2 bezeichnete Maß hinaus zu unterſtellen ſind.
787 2663 877 2706 §. 4.
359 2704 1380 2766 Die Sitze und Bezirke der Gerichtsbehörden erſter Inſtanz
277 2745 988 2794 werden von dem Reichskanzler beſtimmt.
792 2810 884 2856 §. 5.
362 2854 1388 2913 Als Berufungs⸗ und Beſchwerdegericht wird an Stelle des
279 2887 1387 2957 Reichsgerichts (Geſetz über die Konſulargerichtsbarkeit §§. 18,
282 2935 1380 2994 36, 43) eine Gerichtsbehörde zweiter Inſtanz am Sitze des
284 2975 1382 3039 Gouverneurs errichtet, welche aus dem vom Reichskanzler zur
282 3016 1385 3078 Ausübung der Gerichtsbarkeit zweiter Inſtanz ermächtigten
282 3056 1228 3117 Beamten als Vorſitzenden und vier Beiſitzern beſteht.
359 3098 1384 3158 Auf die Beiſitzer und den Gerichtsſchreiber finden die
282 3138 1389 3203 Vorſchriften in §. 6 Abſatz 2, §§. 7, 8 und 10 des Geſetzes
282 3180 1315 3242 über die Konſulargerichtsbarkeit entſprechende Anwendung.
795 3256 879 3300 §. 6.
368 3299 1384 3361 Die Zuſtellungen werden ausſchließlich durch die zur
284 3339 1388 3407 Ausübung der Gerichtsbarkeit ermächtigten Beamten ver⸗
285 3382 405 3417 anlaßt.
368 3423 1388 3481 Dieſelben haben dafür zu ſorgen, daß die innerhalb
282 3464 1384 3524 des Bezirks, in welchem die Gerichtsbehörde ihren Sitz hat,
281 3503 1384 3561 zu bewirkenden Zuſtellungen mit der nach den vorhandenen
281 3544 1393 3602 Mitteln möglichen Sicherheit erfolgen. Sie erlaſſen unter
284 3587 1390 3645 der Aufſicht des Gouverneurs die hierfür erforderlichen An⸗
283 3627 1093 3683 ordnungen und überwachen deren Befolgung.
366 3667 1384 3729 Zuſtellungen in dem Verfahren erſter Inſtanz außerhalb
288 3710 1384 3768 des Bezirks, in welchem die Gerichtsbehörde ihren Sitz hat,
288 3751 877 3798 erfolgen im Wege des Erſuchens.
797 3815 887 3859 §. 7.
370 3860 1386 3917 In bürgerlichen Rechtsſtreitigkeiten ſind in dem Verfahren
278 3901 1390 3958 vor den Gerichtsbehörden in dem Schutzgebiet alle Ent⸗
285 3944 1391 4000 ſcheidungen, einſchließlich der auf Grund einer mündlichen
286 3983 1393 4040 Verhandlung ergehenden, von Amtswegen zuzuſtellen. Dieſe
288 4023 1387 4082 Vorſchrift findet auch auf die Zuſtellung der Zahlungs⸗ und
287 4066 1386 4126 Vollſtreckungsbefehle an den Schuldner, ſowie der Pfändungs⸗
281 4107 1386 4162 und Ueberweiſungsbeſchlüſſe an den Schuldner und den Dritt⸗
292 4148 677 4191 ſchuldner Anwendung.
372 4189 1394 4248 Für Beſchlüſſe, welche lediglich die Prozeß⸗ oder Sach⸗
289 4230 1390 4286 leitung, einſchließlich der Beſtimmung oder Aenderung von
286 4268 1091 4323 Terminen, betreffen, genügt die Verkündung.
370 4312 1391 4364 Die Beglaubigung der zuzuſtellenden Schriftſtücke kann
279 4352 1211 4406 in allen Fällen durch den Gerichtsſchreiber erfolgen.
379 4393 1389 4446 Soll durch eine Zuſtellung eine Friſt gewahrt oder der
291 4435 1389 4491 Lauf der Verjährung oder einer Friſt unterbrochen werden,
292 4476 1394 4529 ſo treten die Wirkungen der Zuſtellung bereits mit der Ein⸗
297 4517 1390 4572 reichung des zuzuſtellenden Schriftſtücks bei der Gerichtsbehörde
296 4557 1172 4606 ein, ſofern die Zuſtellung demnächſt bewirkt wird.
380 4599 1392 4656 Bei Bewilligung der öffentlichen Zuſtellung einer Ladung
294 4640 1396 4694 kann die Gerichtsbehörde anordnen, daß eine Einrückung in
293 4681 989 4727 öffentliche Blätter nicht erforderlich ſei.
380 4722 1392 4775 Wohnt eine Partei außerhalb des Bezirks, in welchem
294 4763 1398 4816 die Gerichtsbehörde ihren Sitz hat, ſo kann, Falls ſie nicht
300 4805 1392 4857 einen daſelbſt wohnhaften Prozeß⸗Bevollmächtigten beſtellt hat,
1420 1140 2507 1200 angeordnet werden, daß ſie eine daſelbſt wohnhafte Perſon
1420 1181 2516 1238 zum Empfang der für ſie beſtimmten Schriftſtücke bevoll⸗
1419 1220 2510 1282 mächtige. Dieſe Anordnung kann ohne mündliche Verhandlung
1421 1259 2513 1320 erfolgen. Der Zuſtellungs⸗Bevollmächtigte iſt bei der nächſten
1422 1302 2515 1361 gerichtlichen Verhandlung oder, wenn die Partei vorher dem
1422 1340 2510 1400 Gegner einen Schriftſatz zuſtellen läßt, in dieſem zu benennen.
1423 1378 2516 1441 Geſchieht dies nicht, ſo können alle ſpäteren Zuſtellungen bis
1418 1427 2514 1482 zur nachträglichen Benennung durch Anheftung an die Gerichts⸗
1418 1462 1791 1509 tafel bewirkt werden.
1498 1502 2512 1564 Der Nachweis über die erfolgte Zuſtellung iſt zu den
1424 1543 1858 1594 Gerichtsakten zu bringen.
1930 1603 2009 1648 §. 8.
1508 1644 2517 1702 In dem Verfahren vor der Gerichtsbehörde zweiter
1421 1681 2512 1742 Inſtanz nehmen in bürgerlichen Rechtsſtreitigkeiten, in
1424 1723 2514 1782 Konkursſachen und in den zur ſtreitigen Gerichtsbarkeit
1426 1763 2517 1820 nicht gehörenden Angelegenheiten die Beiſitzer nur an
1422 1802 2519 1860 der mündlichen Verhandlung, ſowie an den im Laufe
1422 1844 2521 1903 oder auf Grund derſelben ergehenden Entſcheidungen Theil.
1425 1879 2517 1940 Jedoch erfolgt die Entſcheidung über das Rechtsmittel der
1425 1923 2517 1981 Beſchwerde unter Mitwirkung der Beiſitzer, wenn die an⸗
1425 1968 2517 2025 gefochtene Entſcheidung unter Mitwirkung von Beiſitzern er⸗
1427 2009 1610 2050 gangen iſt.
1506 2049 2516 2108 In dem Verfahren zweiter Inſtanz iſt eine Vertretung
1426 2088 2518 2149 durch Rechtsanwälte nicht geboten und findet der §. 269 der
1428 2129 2097 2182 Civilprozeßordnung keine Anwendung.
1503 2167 2523 2219 Die Vorſchriften in §§. 464 und 468 der Civilprozeß⸗
1431 2209 2427 2259 ordnung gelten auch für das Verfahren zweiter Inſtanz.
1943 2276 2023 2320 §. 9.
1514 2319 2533 2372 Die Zwangsvollſtreckung im Schutzgebiete erfolgt aus⸗
1432 2357 2532 2416 ſchließlich durch die zur Ausübung der Gerichtsbarkeit erſter
1434 2397 2528 2452 Inſtanz ermächtigten Beamten, welche unter Oberaufſicht des
1434 2438 2529 2492 Gouverneurs die hierfür erforderlichen Anordnungen erlaſſen.
1430 2474 2533 2532 Der Beibringung einer vollſtreckbaren Ausfertigung bedarf es
1435 2519 2528 2574 nicht, ſoweit dieſelbe von dem Gerichtsſchreiber der Gerichts⸗
1435 2559 2528 2615 behörde, durch welche die Zwangsvollſtreckung zu erfolgen hat,
1436 2602 1865 2645 zu ertheilen ſein würde.
1511 2643 2530 2701 Die zur Ausübung der Gerichtsbarkeit erſter Inſtanz
1438 2684 2533 2736 ermächtigten Beamten können nach Anordnung der Zwangs⸗
1438 2723 2528 2778 vollſtredung mit der Ausführung andere Perſonen beauftragen,
1437 2764 2348 2816 welche nach ihren Anweiſungen zu verfahren haben.
1934 2829 2034 2874 §. 10.
1517 2873 2535 2923 Vollſtreckbare Ausfertigungen dürfen von dem Gerichts⸗
1433 2912 2533 2966 ſchreiber nur auf Anordnung des zur Ausübung der Gerichts⸗
1431 2954 2235 3009 barkeit ermächtigten Beamten ertheilt werden.
1935 3019 2034 3064 §. 11.
1514 3063 2530 3121 In Strafſachen findet die Hauptverhandlung ohne die Zu⸗
1434 3104 2531 3154 ziehung von Beiſitzern ſtatt, wenn der Beſchluß über die
1435 3141 2533 3197 Eröffnung des Hauptverfahrens eine Handlung zum Gegen⸗
1440 3184 2532 3237 ſtande hat, welche zur Zuſtändigkeit der Schöffengerichte oder
1439 3228 2534 3278 zu den in den §§. 74, 75 des Gerichtsverfaſſungsgeſetzes be⸗
1439 3266 1907 3314 zeichneten Vergehen gehört.
1931 3333 2033 3373 §. 12.
1518 3377 2536 3426 Der Angeklagte kann auf ſeinen Antrag oder von Amts⸗
1438 3421 2531 3467 wegen wegen großer Entfernung ſeines Aufenthaltsortes
1436 3459 2531 3509 oder wegen ſonſtiger Hinderniſſe von der Verpflichtung zum
1439 3498 2536 3548 Erſcheinen in der Hauptverhandlung entbunden werden,
1439 3541 2536 3594 wenn nach dem Ermeſſen der Gerichtsbehörde vorausſichtlich
1440 3580 2543 3629 keine andere Strafe als Freiheitsſtrafe bis zu ſechs Monaten
1440 3622 2533 3672 oder Geldſtrafe oder Einziehung allein oder in Verbindung
1440 3663 1988 3708 mit einander zu erwarten ſteht.
1931 3727 2030 3767 §. 13.
1524 3771 2534 3820 Die Gerichtsbarkeit in den zur Zuſtändigkeit der Schwur⸗
1439 3812 2541 3861 gerichte gehörenden Sachen wird für das Schutzgebiet den vom
1437 3852 2535 3902 Reichskanzler zu bezeichnenden Gerichtsbehörden erſter Inſtanz
1438 3891 1631 3935 übertragen.
1524 3934 2536 3983 Für dieſe Sachen finden die Vorſchriften Anwendung,
1439 3975 2533 4023 welche für die im §. 28 des Geſetzes über die Konſular⸗
1442 4017 2232 4062 gerichtsbarkeit bezeichneten Strafſachen gelten.
1934 4078 2038 4122 §. 14.
1525 4125 2538 4170 In Strafſachen findet vor der Gerichtsbehörde zweiter
1437 4165 2538 4213 Inſtanz in Bezug auf die Zuziehung der Beiſitzer die
1440 4206 2539 4252 Vorſchrift des §. 30 des Gerichtsverfaſſungsgeſetzes mit der
1445 4246 2543 4292 oben in §. 7 Abſatz 1 bezeichneten Maßgabe Anwendung. Den
1445 4288 2541 4331 Umfang der Beweisaufnahme beſtimmt das Gericht, ohne
1441 4329 2541 4373 hierbei durch Anträge, Verzichte oder frühere Beſchlüſſe ge⸗
1440 4369 1713 4410 bunden zu ſein.
1527 4411 2541 4454 Die Mitwirkung einer Staatsanwaltſchaft findet nicht ſtatt.
1527 4451 2543 4496 Der nicht auf freiem Fuße befindliche Angeklagte hat
1446 4492 2543 4535 Anſpruch auf Anweſenheit in der Hauptverhandlung, wenn er
1446 4533 2231 4576 ſich am Orte des Berufungsgerichts befindet.
1527 4572 2548 4615 In den im §. 13 Abſatz 1 bezeichneten Sachen iſt die
1445 4609 2547 4656 Vertheidigung auch in der Berufungsinſtanz nothwendig.
1447 4652 2551 4696 In der Hauptverhandlung iſt die Anweſenheit des Verthei⸗
1446 4692 2550 4738 digers erforderlich; der §. 145 der Strafprozeßordnung findet
1440 4736 1659 4777 Anwendung.
1532 4771 2557 4820 Im Uebrigen verbleibt es bei den Vorſchriften im §. 40
1449 4817 2241 4861 des Geſetzes über die Konſulargerichtsbarkeit.
3051 1162 3159 1206 §. 15.
2645 1210 3652 1262 Die Todesſtrafe iſt durch Erſchießen oder Erhängen zu
2564 1250 2750 1289 vollſtrecken.
2646 1291 3650 1335 Der Gouverneur beſtimmt, welche der beiden Voll⸗
2566 1331 3549 1380 ſtreckungsarten in dem einzelnen Falle ſtattzufinden hat.
3061 1394 3166 1434 §. 16.
2648 1440 3653 1490 In dem Verfahren vor den Gerichtsbehörden im Schutz⸗
2567 1477 3654 1526 gebiete finden das Gerichtskoſtengeſetz und die Gebühren⸗
2569 1521 3656 1571 ordnungen für Gerichtsvollzieher, für Zeugen und Sach⸗
2567 1561 3534 1608 verſtändige, ſowie für Rechtsanwälte keine Anwendung.
2651 1602 3655 1652 Die Vorſchriften, welche an Stelle der bezeichneten Geſetze
2568 1642 3551 1689 zu treten haben, werden von dem Reichskanzler erlaſſen.
3063 1702 3172 1745 §. 17.
2650 1744 3658 1799 Die nach §. 2 des Geſetzes, betreffend die Rechtsverhältniſſe
2569 1789 3660 1834 der deutſchen Schutzgebiete, für die Rechtsverhältniſſe an un⸗
2570 1828 3658 1878 beweglichen Sachen einſchließlich des Bergwerkeigenthums
2570 1868 3468 1915 maßgebenden Vorſchriften finden keine Anwendung.
2653 1909 3667 1958 Der Reichskanzler und mit deſſen Genehmigung der
2570 1949 3660 1997 Gouverneur ſind bis auf Weiteres zur Regelung dieſer Ver⸗
2572 1989 3664 2041 hältniſſe befugt, die erforderlichen Beſtimmungen zu treffen
2571 2031 3664 2077 und insbeſondere die Vorausſetzungen für den Erwerb und
2574 2071 3662 2120 die dingliche Belaſtung von Grundſtücken durch Rechtsgeſchäfte
2570 2113 3167 2155 mit den Eingeborenen feſtzuſtellen.
3075 2171 3175 2214 §. 18.
2653 2216 3665 2261 Das Geſetz, betreffend die Eheſchließung und die Be⸗
2575 2253 3671 2302 urkundung des Perſonenſtandes von Reichsangehörigen im
2579 2291 3675 2343 Auslande vom 4. Mai 1870 (Bundes⸗Geſetzblatt Seite 599),
2580 2327 3670 2383 findet in dem Schutzgebiet vom 1. Januar 1891 ab auf
2578 2367 3646 2423 Perſonen, welche nicht Eingeborene (§. 3) ſind, Anwendung.
3064 2430 3180 2475 §. 19.
2662 2473 3679 2525 Bis zur Uebernahme der Verwaltung durch den Gou⸗
2584 2518 3674 2568 verneur werden die dem Letzteren auf Grund dieſer Verordnung
2582 2557 3672 2606 zuſtehenden Befugniſſe von dem Reichskommiſſar wahrgenommen.
3080 2618 3179 2662 §. 20.
2658 2662 3683 2716 Dieſe Verordnung tritt mit dem Tage ihrer Verkündigung
2586 2700 2738 2745 in Kraft.
2666 2747 3674 2795 Urkundlich unter Unſerer Höchſteigenhändigen Unterſchrift
2583 2787 3274 2833 und beigedrucktem Kaiſerlichen Inſiegel.
2667 2828 3337 2873 Gegeben Berlin, den 1. Januar 1891.
2801 2870 3498 2913 (L. S.) Wilhelm J. R.
3367 2915 3635 2955 von Caprivi.
2973 3045 3287 3090 Verfügung,
2581 3093 3683 3139 betreffend die Ausübung konſulariſcher Be⸗
2582 3131 3683 3180 fugniſſe und den Erlaß polizeilicher und ſonſtiger
2583 3176 3681 3223 die Verwaltung betreffender Vorſchriften in
2923 3218 3341 3261 Deutſch⸗Oſt⸗Afrika.
2664 3271 3681 3320 Auf Grund der §§. 5 und 11 Abſatz 2 und 3 des Ge⸗
2586 3312 3683 3361 ſetzes, betreffend die Rechtsverhältniſſe der deutſchen Schutz⸗
2581 3354 3682 3402 gebiete (Reichs⸗Geſetzbl. 1888 S. 75), wird für Deutſch⸗
2587 3395 3134 3439 Oſt⸗Afrika Folgendes beſtimmt:
3094 3456 3173 3500 §. 1.
2670 3496 3689 3539 Die zur Ausübung der Gerichtsbarkeit erſter Inſtanz er⸗
2587 3536 3685 3579 mächtigten Beamten haben für ihre Bezirke zugleich die Be⸗
2586 3577 3688 3618 fugniſſe wahrzunehmen, welche den deutſchen Konſuln
2586 3617 3686 3658 nach §. 16 des Geſetzes, betreffend die Nationalität
2587 3657 3690 3698 der Kauffahrteiſchiffe ꝛc., vom 25. Oktober 1867 (Bundes⸗
2588 3697 3689 3740 Geſetzbl. S. 35) und §. 35 des Geſetzes, betreffend die
2589 3737 3686 3780 Organiſation der Bundeskonſulate ꝛc., vom 8. November 1867
2590 3778 3706 3820 (Bundes⸗Geſetzbl. S. 137) zuſtehen. Dasſelbe gilt von den
2590 3819 3695 3860 Befugniſſen, welche den deutſchen Konſulaten als Seemanns⸗
2590 3853 3699 3899 ämtern nach der Seemanns⸗Ordnung vom 27. Dezember 1872
2590 3896 3698 3944 (Reichs⸗Geſetzbl. S. 432) und nach ſonſtigen Reichsgeſetzen
2591 3941 2736 3981 obliegen.
2674 3977 3697 4020 Die für die Konſuln geltenden Ausführungsbeſtimmungen
2592 4016 3698 4061 zu den vorgedachten Geſetzesvorſchriften finden entſprechende
2591 4060 2802 4102 Anwendung.
2670 4095 3696 4141 In den bezeichneten Angelegenheiten werden Gebühren
2594 4133 3702 4182 und Auslagen nach Maßgabe der Beſtimmungen des Geſetzes,
2593 4176 3707 4222 betreffend die Gebühren und Koſten bei den Konſulaten des
2594 4214 3700 4263 Deutſchen Reichs, vom 1. Juli 1872 (Reichs⸗Geſetzbl. S. 245)
2591 4258 2754 4310 erhoben.
3091 4295 3195 4341 §. 2.
2680 4339 3710 4389 Der Gouverneur iſt befugt, polizeiliche und ſonſtige die
2598 4387 3710 4433 Verwaltung betreffende Vorſchriften zu erlaſſen und gegen
2598 4423 3706 4472 deren Nichtbefolgung Gefängniß bis zu drei Monaten, Haft,
2598 4467 3707 4512 Geldſtrafe und Einziehung einzelner Gegenſtände anzudrohen.
2684 4504 3709 4550 Bis zur Uebernahme der Verwaltung durch den Gouver⸗
2601 4543 3710 4591 neur wird dieſe Befugniß durch den Reichskommiſſar wahr⸗
2602 4593 2799 4635 genommen.
3115 4626 3205 4671 §. 3.
2687 4664 3710 4713 Dieſe Verfügung tritt mit dem heutigen Tage in Kraft.
2725 4728 3255 4773 Berlin, den 1. Januar 1891.
2998 4767 3319 4809 Der Reichskanzler
3019 4808 3298 4850 von Caprivi.
592 4910 3432 4964 Berlin. Redacteur: Dr. H. Klee, Direktor. Verlag der Expedition (Scholz). Druck der Norddeutſchen Buchdruckerei und Verlagsanſtalt, Berlin SW., Wilhelmſtraße 32.
