9960 7112
689 357 1534 424 am 30. Juli 1914, Vormittags ½ 11 Uhr,
690 401 1532 460 das Konkursverfahren eröffnet Verwalter:
689 447 1531 512 Rechtsanwalt Schleſinger in Leipzig. An⸗
688 495 1532 557 meldefriſt bis zum 19. Auguſt 1914. Wahl⸗
689 542 1532 602 und Prüfungstermin am 1. September
689 589 1532 649 1914, Vormittags 10 Uhr, offener
687 631 1532 696 Arreſt mit Anzeigefriſt bis zum 29. Auguſt
691 677 793 723 1914.
768 726 1443 787 Königliches Amtsgericht Leipzig,
792 770 1426 827 Abt. II A¹, den 30. Juli 1914.
1381 855 1528 901 [42898]
688 839 1309 894 Ludwigshafen, Rhein.
733 887 1529 947 Das K. Amtsgericht Ludwigshafen
686 930 1526 992 am Rhein hat am 31. Juli 1914,
683 977 1527 1038 Mittags 12 Uhr, über das Vermögen des
683 1022 1525 1080 Xaver Amberg, Käſehändlers in
682 1068 1525 1132 Ludwigshafen a. Rh., Ludwigsplatz 8
682 1117 1523 1172 wohnhaft, das Konkursverfahren eröffnet
680 1161 1521 1217 Konkursverwalter iſt Rechtsanwalt Beau⸗
681 1207 1523 1266 fort in Ludwigshafen a. Rh. Es iſt
681 1253 1521 1312 offener Arreſt erlaſſen mit Anzeige⸗
680 1297 1520 1352 friſt bis 19. Auguſt 1914. Die Konkurs⸗
680 1344 1519 1402 forderungen ſind bis 19. Auguſt 1914 beim
678 1390 1518 1447 Konkursgericht anzumelden. Die 1. Gläu⸗
680 1436 1519 1491 bigerverſammlung zur etw. Wahl eines
677 1486 1518 1538 anderen Verwalters, Beſtellung eines Gläu⸗
677 1529 1518 1590 bigerausſchuſſes und Beſchlußfaſſung nach
677 1574 1515 1634 § 132 K.⸗O. ſowie der allgem. Prüfungs⸗
676 1622 1513 1679 termin finden am 31. Auguſt 1914,
674 1667 1518 1723 Nachm. 4 Uhr, im Zimmer 31 des K.
673 1711 1468 1769 Amtsgerichts Ludwigshafen a. Rh. ſtatt.
709 1758 1492 1819 Gerichtsſchreiberei des K. Amtsgerichts.
1366 1842 1515 1890 [42882]
670 1824 932 1873 München.
789 1874 1381 1931 K. Amtsgericht München.
908 1922 1262 1975 Konkursgericht.
715 1965 1509 2027 Am 30. Juli 1914, Nachmittags 5 Uhr,
667 2013 1507 2071 wurde über das Vermögen des Schuh⸗
667 2061 1508 2116 warenhändlers Heinrich Diſſelkamp
666 2103 1509 2162 in München, Wohnung: Kapuzinerſtr. 28,
665 2149 1507 2206 Geſchäftslokal: Häberlſtr. 7, der Konkurs
665 2196 1506 2253 eröffnet und Rechtsanwalt Fritz Laar
664 2241 1503 2302 in München, Kanzlei: Müllerſtr. 36,
664 2289 1502 2343 zum Konkursverwalter beſtellt. Offener
661 2331 1504 2396 Arreſt erlaſſen, Anzeigefriſt in dieſer
664 2379 1501 2438 Richtung bis zum 21. Auguſt 1914 ein⸗
660 2424 1500 2483 ſchließlich. Friſt zur Anmeldung der Konkurs⸗
659 2471 1498 2532 forderungen, und zwar im Zimmer Nr. 82/I
659 2518 1500 2579 des Juſtizgebäudes an der Luttpoldſtraße,
657 2562 1500 2627 bis zum 21. Auguſt 1914 einſchließlich
657 2609 1498 2668 Wahltermin zur Beſchlußfaſſung über die
656 2655 1495 2714 Wahl eines anderen Verwalters, Be⸗
656 2702 1495 2760 ſtellung eines Gläubigerausſchuſſes, dann
654 2748 1495 2804 über die in den §§ 132, 134 und 137
653 2793 1493 2848 K.⸗O. bezeichneten Fragen und der all⸗
653 2842 1492 2900 gemeine Prüfungstermin: Samstag,
652 2886 1492 2944 29. Auguſt 1914. Vormittags
652 2934 1493 2991 11 Uhr, Zimmer Nr. 84/I des Juſtiz⸗
650 2978 1489 3039 gebäudes an der Luitpoldſtraße in München.
698 3025 1318 3078 München, den 31. Juli 1914.
673 3069 1456 3127 Gerichtsſchreiberei des K. Amtsgerichts.
1343 3153 1489 3200 [42885]
648 3141 1005 3184 Nakel, Netze.
870 3191 1267 3241 Bekanntmachung.
696 3232 1488 3286 Ueber das Vermögen des Kaufmanns
645 3277 1488 3333 Alexander Niemczyk in Mrotſchen iſt
645 3325 1486 3383 am 30. Juli 1914, Nachmittags 5 Uhr,
644 3369 1483 3427 das Konkursverfahren eröffnet. Konkurs⸗
644 3418 1486 3469 verwalter: Kaufmann Oskar Bauer in
643 3461 1486 3518 Nakel. Anmeldefriſt bis 15. September
646 3506 1485 3564 1914. Erſte Gläubigerverſammlung am
642 3552 1480 3609 5. September 1914, Mittags 12 Uhr.
641 3599 1482 3656 Allgemeiner Prüfungstermin am 1. Ok⸗
641 3647 1484 3703 tober 1914, Mittags 12 Uhr. Offener
640 3692 1481 3749 Arreſt mit Anzeigefriſt bis 15. September
640 3739 741 3778 1914.
688 3785 1231 3835 Nakel, den 30. Juli 1914.
823 3833 1301 3887 Königliches Amtsgericht.
1330 3924 1478 3971 [42777]
635 3909 983 3958 Regensburg.
685 3957 1477 4014 Das K. Amtsgericht Regensburg hat
633 4003 1475 4058 über das Vermögen d s Bäckermeiſters
632 4050 1471 4109 Hans Scheuerer in Regensburg,
631 4095 1472 4155 Landshuterſtraße 41, am 31. Juli 1914,
631 4141 1471 4199 Vormittags 11 Uhr, den Konkurs eröffnet.
629 4188 1470 4242 Konkursverwalter: Rechtsanwalt Kohl⸗
632 4234 1471 4292 müller in Regensburg. Offener Arreſt
629 4278 1471 4338 iſt erlaſſen. Friſt zur Anmeldung der
627 4325 1469 4383 Konkursforderungen bis Donnerstag, den
629 4370 1470 4430 10. September 1914. Friſt zur Anzeige
627 4415 1469 4474 bis 31. Auguſt 1914. Termin zur Wahl
626 4463 1468 4523 eines anderen Verwalters und Beſtellung
625 4510 1467 4568 eines Gläubigerausſchuſſes und über die
626 4556 1465 4612 in den §§ 132, 137 K.⸗O. bezeichneten
625 4601 1467 4660 Gegenſtände wird auf Montag, den
624 4650 1466 4705 17. Auguſt 1914, allgemeiner Termin
623 4694 1464 4749 auf Donners ag, den 1. Oktober
623 4741 1463 4799 1914, jeweils Vormittags 9 Uhr,
620 4785 1226 4838 Zimmer Nr. 67/I, anberaumt.
671 4833 1368 4885 Regensburg, den 31. Juli 1914.
644 4878 1438 4936 Gerichtsſchreiberei des K. Amtsgerichts.
1308 4964 1460 5021 [42881]
619 4958 1098 5010 Schwabmünchen.
840 5010 1236 5062 Bekanntmachung.
667 5051 1458 5106 Das K. Amtsgericht Schwabmünchen
615 5097 1457 5157 hat am 31. Juli 1914, Vormittags 9 Uhr,
615 5144 1457 5196 über das Vermögen des Bankiers
613 5189 1457 5246 Alfred Süßkind, Inhaber der Firma
611 5235 1455 5287 A. Maurer & Sohn hier, den Konkurs
610 5281 1454 5333 eröffnet. Konkursverwalter: Rechtsanwalt
610 5328 1454 5384 Sigl hier. Offener Arreſt iſt erlaſſen. Friſt
609 5375 1454 5432 zur Anmeldung der Konkursforderungen
611 5421 1452 5475 bis 21. Auguſt ds. Jhr. Termin zur
608 5466 1451 5518 Wahl eines anderen Verwalters und Be⸗
607 5512 1450 5567 ſtellung eines Gläubigerausſchuſſes ſowie all⸗
607 5559 1450 5616 gemeiner Prüfungstermin am 28. Auguſt
606 5607 1255 5658 1914, Vormittags 9 ½ Uhr.
605 5650 1448 5706 Der Gerichtsſchreiber des K. Amtsgerichts.
1301 5730 1447 5778 [42729]
600 5720 898 5765 Tiegenhof.
824 5770 1222 5820 Bekanntmachung.
651 5812 1448 5866 Ueber das Vermögen des Mühlen⸗
602 5859 1448 5912 beſitzers Fritz Lenz in Krebsfelde iſt
602 5906 1447 5957 am 30. Juli 1914, Nachm. 4 ¾ Uhr, das
601 5950 1447 6003 Konkursverfahren eröffnet. Verwalter iſt
601 5997 1444 6051 der Kaufmann Paul Nouvel in Tiegenhof.
602 6043 1444 6094 Anmeldefriſt bis zum 20. Auguſt 1914.
600 6088 1444 6144 Erſte Gläubigerverſammlung und allge⸗
598 6135 1445 6187 meiner Prüfungstermin den 29. Auguſt
599 6182 1443 6231 1914, Vorm. 11 Uhr. Offener Arreſt
598 6227 1442 6277 mit Anzeigefriſt bis zum 20. Auguſt 1914.
646 6272 1302 6321 Tiegenhof, den 30. Juli 1914.
773 6319 1256 6369 Königliches Amtsgericht.
1291 6389 1441 6444 [42900]
595 6391 910 6430 Wiesbaden.
803 6436 1230 6483 Konkursverfahren.
642 6482 1435 6533 Ueber das Vermögen des Kaufmanns
592 6528 1435 6585 Emil Müller zu Wiesbaden, Moritz⸗
1571 374 2415 439 ſtraße 15, wird heute, am 30. Juli 1914,
1571 424 2416 482 Vormittags 12 ½ Uhr, das Konkursverfahren
1570 470 2415 525 eröffnet. Der Rechtsanwalt J.⸗R. Dr.
1571 515 2414 570 Seligſohn, hier, wird zum Konkursver⸗
1569 562 2413 619 walter ernannt. Konkursforderungen ſind
1570 607 2412 661 bis zum 1. September 1914 bei dem Ge⸗
1569 654 2410 713 richt anzumelden. Es wird zur Beſchluß⸗
1569 699 2410 755 faſſung über die Beibehaltung des er⸗
1568 748 2409 798 nannten oder die Wahl eines anderen Ver⸗
1568 792 2410 848 walters ſowie über die Beſtellung eines
1568 835 2409 892 Gläubigerausſchuſſes und eintretendenfalls
1567 882 2408 939 über die im § 132 der Konkursordnung be⸗
1568 928 2410 989 zeichneten Gegenſtände auf den 29. Auguſt
1566 976 2409 1032 1914, Vormittags 10 Uhr, und zur
1565 1020 2409 1077 Prüfung der angemeldeten Forderungen auf
1566 1066 2407 1124 den 3. Oktober 1914, Vormittags
1564 1112 2404 1164 10 Uhr, vor dem unterzeichneten Ge⸗
1562 1157 2406 1209 richte Termin anberaumt. Offener Arreſt
1566 1204 2406 1258 mit Anzeigepflicht bis zum 15. Auguſt 1914.
1563 1245 2402 1304 Königliches Amtsgericht in Wiesbaden.
2253 1399 2401 1444 [42903]
1560 1387 1817 1436 Altkirch.
1769 1438 2197 1486 Konkursverfahren.
1604 1481 2397 1531 Das Konkursverfahren über das Ver⸗
1555 1528 2401 1581 mögen des Ackerers Franz Joſef
1555 1573 2399 1627 Lang in Jettingen wird nach erfolgter
1557 1616 2398 1674 Abhaltung des Schlußtermins hierdurch
1554 1665 1778 1705 aufgehoben.
1598 1712 2393 1764 Altkirch, Ober Elſaß, den 29. Juli
1553 1756 1660 1800 1914.
1729 1805 2215 1854 Kaiſerliches Amtsgericht.
2246 1881 2392 1926 [42782]
1554 1873 1953 1917 Beuthen, O. S.
1759 1921 2185 1967 Konkursverfahren.
1595 1963 2391 2014 In dem Konkursverfahren über das
1551 2009 2391 2060 Vermögen der Bäckereiinhaberin und
1551 2056 2390 2110 Handelsfrau Marie Dryja, geb. Ja⸗
1546 2104 2390 2151 nowski, in Orzegow iſt zur Abnahme der
1547 2148 2389 2200 Schlußrechnung des Verwalters, zur Er⸗
1545 2192 2387 2247 hebung von Einwendungen gegen das
1545 2238 2387 2295 Schlußverzeichnis der bei der Verteilung
1543 2286 2386 2339 zu berückſichtigenden Forderungen und zur
1545 2330 2386 2384 Beſchlußfaſſung der Gläubiger über die
1543 2377 2386 2430 nicht verwertbaren Vermögensſtücke der
1541 2422 2384 2479 Schlußtermin, auf den 28. Auguſt
1543 2471 2386 2523 1914, Vormittags 10 ½ Uhr, vor
1537 2515 2375 2568 dem Königlichen Amtsgerichte hierſelbſt
1540 2560 2382 2617 Mietsräume, Parallelſtraße 1, Zimmer 3,
1537 2606 2081 2658 beſtimmt. 12. N. 38 b/12.
1648 2654 2272 2706 Amtsgericht Beuthen O. S.,
1808 2703 2109 2746 28. Juli 1914.
2230 2775 2382 2825 [42783]
1534 2770 1938 2812 Beuthen, O. S.
1744 2817 2170 2866 Konkursverfahren.
1581 2859 2378 2909 In dem Konkursverfahren über das Ver⸗
1532 2906 2377 2955 mögen der verwitweten Kaufmanns⸗
1531 2952 2374 3008 frau Gertrud Arndt, geb. Nehring.
1531 3000 2376 3049 zu Beuthen O. S. iſt zur Abnahme der
1530 3042 2373 3097 Schlußrechnung des Verwalters, zur Er⸗
1529 3088 2375 3144 hebung von Einwendungen gegen das
1529 3135 2372 3190 Schlußverzeichnis der bei der Verteilung zu
1528 3181 2371 3234 berückſichtigenden Forderungen und zur Be⸗
1527 3226 2372 3281 ſchlußfaſſung der Gläubiger über die nicht
1527 3276 2372 3328 verwertbaren Vermögensſtücke ſowie zur
1526 3319 2371 3372 Anhörung der Gläubiger über die Er⸗
1525 3365 2368 3416 ſtattung der Auslagen und die Ge⸗
1524 3411 2368 3462 währung einer Vergütung an die Mit⸗
1524 3457 2369 3509 glieder des Gläubigerausſchuſſes der Schluß⸗
1524 3503 2367 3557 termin auf den 28. Auguſt 1914,
1523 3550 2366 3604 Vormittags 10 ¾ Uhr, vor dem König⸗
1523 3594 2367 3646 lichen Amtsgerichte hierſelbſt, Miets⸗
1520 3641 2364 3696 räume, Parallelſtraße 1, Zimmer 3, be⸗
1518 3686 1989 3735 ſtimmt. 12. N. 6 b/14.
1624 3734 2257 3787 Amtsgericht Beuthen O. S.,
1791 3784 2090 3827 29. Juli 1914.
2215 3858 2362 3905 [42901]
1518 3847 2084 3895 Blankenburg, Harz.
1726 3898 2150 3944 Konkursverfahren.
1562 3940 2356 3989 Das Konkursverfahren über das Ver⸗
1514 3987 2362 4042 mögen der offenen Handelsgeſellſchaft
1514 4031 2361 4089 Wilhelm Frede, Weingroßhandlung
1512 4080 2359 4135 und Hotel „Weißer Adler“, hier, iſt,
1514 4124 2357 4176 nachdem der in dem Vergleichstermine vom
1512 4170 2355 4224 20. Juni 1914 angenommene Zwangsver⸗
1510 4216 2355 4269 gleich durch rechtskräftigen Beſchluß vom
1509 4261 2305 4315 20. Juni 1914 beſtätigt iſt, aufgehoben.
1557 4310 2351 4361 Blankenburg a. H., den 31. Juli 1914.
1721 4356 2140 4406 Der Gerichtsſchreiber
1667 4400 2199 4453 Herzoglichen Amtsgerichts:
1527 4445 2336 4501 Ch. Angerſtein, Gerichtsoberſekretär.
2201 4527 2350 4572 [42902]
1513 4513 2077 4562 Blankenburg, Harz.
1711 4564 2136 4613 Konkursverfahren.
1552 4606 2345 4659 Das Konkursverfahren über das Ver⸗
1505 4654 2346 4708 mögen des Juweliers Guſtav Albrecht,
1507 4698 2348 4755 Inhabers der Firma Auguſt Albrecht
1505 4745 2343 4800 hier, iſt, nachdem der in dem Vergleichs⸗
1503 4792 2345 4842 termine vom 23. Juni 1914 angenommene
1506 4835 2341 4890 Zwangsvergleich durch rechtskräftigen Be⸗
1503 4882 2343 4939 ſchluß vom 23. Juni 1914 beſtätigt iſt,
1503 4928 1726 4971 aufgehoben.
1548 4975 2344 5029 Blankenburg a. H., den 31. Juli 1914.
1711 5023 2131 5072 Der Gerichtsſchreiber
1653 5068 2182 5120 Herzoglichen Amtsgerichts:
1513 5111 2319 5166 Ch. Angerſtein, Gerichtsoberſekretär.
2187 5188 2341 5233 [42878]
1496 5178 1845 5225 Cöln, Rhein.
1494 5226 2340 5281 Konkursverfahren. 65 N 209/13. 43.
1540 5273 2335 5323 Das Konkursverfahren über das Ver⸗
1493 5319 2338 5373 mögen der Frau Pankratius Schwin⸗
1494 5366 2337 5418 geler, Joſefine geb. Deutz. Inhaberin
1492 5411 2336 5463 der Mehlgroßhandlung unter der
1495 5455 2335 5512 Firma Pankratius Schwingeler zu
1492 5501 2333 5559 Cöln, Kaiſer Wilhelm⸗Ring 29, wird,
1490 5549 2334 5602 nachdem der in dem Vergleichstermine
1489 5595 2331 5650 vom 19. Juni 1914 angenommene Zwangs⸗
1488 5641 2332 5696 vergleich durch rechtskräftigen Beſchluß
1487 5687 2329 5741 vom 19. Juni 1914 beſtätigt iſt, hier⸗
1488 5732 1830 5780 durch aufgehoben.
1534 5778 2071 5826 Cöln, den 27. Juli 1914.
1510 5823 2314 5879 Königliches Amtsgericht. Abteilung 65.
2178 5898 2332 5950 [42728]
1487 5893 1765 5934 Cöpenick.
1533 5938 2326 5988 Das Konkursverfahren über das Ver⸗
1484 5986 2325 6037 mögen des Ingenieurs Erich Römer,
1484 6032 2328 6083 zurzeit unbekannten Aufenthalts, wird ein⸗
1482 6077 2329 6131 geſtellt, weil ſich ergeben hat, daß eine
1479 6123 2327 6176 den Koſten des Verfahrens entſprechende
1482 6168 2324 6224 Maſſe nicht vorhanden iſt (§ 204 K.⸗O.).
1482 6213 2321 6266 Der Betrag, der nach Zahlung der Koſten
1480 6260 2322 6312 des Verfahrens und Befriedigung des Ab⸗
1480 6305 2322 6360 ſonderungsberechtigten von der Maſſe noch
1480 6351 2323 6402 übrig bleibt, wird dem Konkursverwalter
1477 6398 2317 6452 als Erſatz für ſeine (erheblichen) Auf⸗
1475 6445 2215 6497 wendungen und Vergütung bewilligt.
1520 6490 2142 6538 Cöpenick, den 28. Juli 1914.
1555 6536 2219 6588 Königliches Amtsgericht. Abt. 9.
3147 400 3300 448 [42744]
2456 393 2699 436 Dresden.
2499 439 3304 490 Das Konkursverfahren über das Ver⸗
2452 486 3300 534 mögen des Inhabers einer unter der
2453 529 3298 581 Firma Reichelt & Schlippe betriebenen
2451 575 3296 627 Mehlgroßhandlung Bruno Karl
2450 620 3293 674 Joſef Reichelt in Dresden, Grunger⸗
2450 666 3294 719 ſtraße 37 III, wird hierdurch aufgehoben,
2448 713 3293 763 nachdem der im Vergleichstermine vom
2449 757 3292 812 5. Juni 1914 angenommene Zwangsver⸗
2447 803 3291 858 gleich durch rechtskräftigen Beſchluß vom
2449 849 3162 901 19 Juni 1914 beſtätigt worden iſt.
2493 895 3113 943 Dresden, den 31. Juli 1914.
2544 940 3220 991 Königliches Amtsgericht. Abt. II.
3141 1030 3290 1074 [42724]
2447 1015 3045 1070 Eilenburg. Beſchluß.
2491 1066 3289 1118 In der Fitzekſchen Konkursſache wird
2446 1112 3289 1166 nach Abhaltung des Schlußtermins das
2443 1157 3085 1208 Verfahren hierdurch aufgehoben.
2491 1204 3152 1254 Eilenburg, den 28. Juli 1914.
2620 1252 3102 1302 Königliches Amtsgericht.
3136 1338 3288 1387 [42780]
2441 1330 3049 1379 Frankenstein, Schles.
2486 1375 3282 1424 In dem Konkursverfahren über das Ver⸗
2439 1422 3284 1475 mögen des Apothekenbeſitzers Paul
2440 1466 3281 1522 Kytzia in Silberberg iſt zur Prüfung
2438 1513 3281 1569 der nachträglich angemeldeten Forderungen
2438 1557 3279 1613 Termin auf den 18. Auguſt 1914,
2439 1605 3280 1657 Vormittags 10 Uhr, vor dem König⸗
2435 1649 3279 1706 lichen Amtsgericht in Frankenſtein i. Schl.,
2435 1695 3003 1744 Zimmer Nr. 10, anberaumt.
2480 1742 3195 1794 Frankenſtein, den 29. Juli 1914.
2619 1791 3101 1841 Königliches Amtsgericht.
3129 1877 3278 1920 [41152]
2433 1866 2919 1915 Frankfurt, Main.
2485 1914 3279 1972 Konkursverfahren. (17 N 56/14e.)
2479 1961 3270 2010 Das Konkursverfahren über das Ver⸗
2431 2007 3272 2060 mögen des Lederhändlers Sally Dillen⸗
2431 2053 3273 2105 burger, hier, Privatwohnung und Ge⸗
2432 2098 3273 2151 ſchäftslokal Klingerſtraße 25, iſt, nachdem
2428 2145 3274 2196 der in dem Vergleichstermine vom 26. Juni
2430 2190 3271 2243 1914 angenommene Zwangsvergleich durch
2429 2236 3272 2288 rechtskräftigen Beſchluß vom 3. Juli 1914
2426 2281 3094 2332 beſtätigt iſt, aufgehoben worden.
2472 2328 3270 2381 Frankfurt a. M, den 21. Juli 1914.
2636 2377 3060 2423 Der Gerichtsſchreiber
2494 2420 3209 2471 Königlichen Amtsgerichts. Abt. 17.
3115 2507 3271 2555 [42778]
2427 2503 2836 2546 Gross Strelitz.
2471 2548 3267 2600 Das Konkursverfahren über das Nach⸗
2423 2592 3266 2643 laßvermögen des am 10. Oktober 1913
2421 2639 3267 2694 verſtorbenen Bauunternehmers Vinzent
2421 2686 3260 2738 Pannek in Mokrolohna wird nach er⸗
2420 2732 3262 2785 folgter Abhaltung des Schlußtermins hier⸗
2419 2777 2760 2823 durch aufgehoben.
2420 2822 3264 2875 Amtsgericht Groß Strehlitz, 28. 7. 14.
3112 2899 3265 2949 [42742]
2419 2887 2672 2936 Güstrow.
2463 2938 3260 2987 Das Konkursverfahren über das Ver⸗
2415 2985 3260 3035 mögen des Geſchäftsverwalters Her⸗
2414 3031 3263 3084 mann Kubernuß in Mühl Roſin iſt
2416 3076 3260 3131 nach erfolgter Abhaltung des Schlußtermins
2418 3122 2837 3171 hierdurch aufgehoben.
2462 3170 3088 3217 Güſtrow, den 30. Juli 1914.
2540 3215 3132 3267 Großherzogliches Amtsgericht.
3109 3294 3256 3341 [42899]
2414 3283 2682 3324 Hadamar.
2458 3331 3251 3379 In dem Konkursverfahren über das Ver⸗
2410 3377 3256 3427 mögen des Stuckateurs und Gaſtwirts
2408 3421 3255 3472 Jakob Stahl in Niederhadamar wird
2409 3466 3255 3520 die erſte Gläubigerverſammlung und der
2407 3512 3252 3566 allgemeine Prüfungstermin auf den
2407 3558 3252 3614 14. Auguſt 1914, Vormittags
2407 3604 3252 3659 10 Uhr, verlegt. Zugleich wird infolge
2404 3650 3250 3702 eines vom Gemeinſchuldner gemachten
2406 3696 3250 3751 Vorſchlags zu einem Zwangsvergleich
2404 3741 3248 3794 Vergleichstermin, auf denſelben Termin
2407 3788 3249 3843 beſtimmt. Der Vergleichsvorſchlag iſt
2401 3835 3246 3886 auf der Gerichtsſchreiberei des Konkurs⸗
2400 3880 3243 3936 gerichts zur Einſicht der Beteiligten
2400 3923 3245 3982 niedergelegt. N. 1/14.
2445 3974 3083 4022 Hadamar, den 28. Juli 1914.
2578 4021 3054 4069 Königl. Amtsgericht. I.
3092 4096 3239 4144 [42734]
2398 4088 2682 4131 Hannover.
2442 4135 3238 4182 Das Konkursverfahren über das Ver⸗
2394 4180 3238 4228 mögen des Kaufmanns Leo Autor in
2392 4226 3238 4281 Hannover, Inhabers der eingetragenen
2394 4271 3235 4326 Firma L. Autor in Hannover, wird nach
2391 4318 3235 4373 erfolgter Abhaltung des Schlußtermins
2393 4363 2811 4413 hierdurch aufgehoben.
2434 4409 3086 4459 Hannover, den 28. Juli 1914.
2522 4457 3110 4508 Königliches Amtsgericht. 12.
3084 4542 3234 4593 [42879]
2388 4533 2729 4579 Hofgeismar.
2596 4585 3026 4635 Konkursverfahren.
2432 4628 3227 4677 Das Konkursverfahren über das Ver⸗
2385 4676 3229 4728 mögen der Firma L. Keſeberg, Geſell⸗
2383 4722 3227 4776 ſchaft mit beſchränkter Haftung zu
2386 4768 3225 4821 Hofgeismar, wird nach erfolgter Ab⸗
2388 4812 3214 4867 haltung des Schlußtermins hierdurch auf
2382 4859 2827 4907 gehoben. N 1/13/30.
2427 4906 3133 4955 Hofgeismar, den 29. Juli 1914.
2477 4951 3136 5002 Königliches Amtsgericht. Abt. I.
3074 5041 3223 5087 [42733]
2381 5030 2843 5076 Kappeln, Schlei.
2587 5079 3016 5127 Konkursverfahren.
2424 5122 3220 5174 In dem Konkursverfahren über das Ver⸗
2377 5170 3220 5222 mögen des Hufners Hans Nikolaus
2378 5214 3219 5268 Matzen in Süderbrarup, ſpäter in
2377 5260 3219 5316 Busdorf, iſt zur Prüfung der nachträglich
2374 5308 3223 5360 angemeldeten Forderungen Termin auf
2374 5353 3217 5406 den 27. Auguſt 1914, Vormittags
2374 5400 3215 5452 10 Uhr, vor dem Königlichen Amts⸗
2372 5445 2982 5492 gericht in Kappeln anberaumt.
2417 5490 3031 5538 Kappeln, den 28 Juli 1914.
2456 5536 3128 5585 Königliches Amtsgericht. Abt. 1.
3062 5626 3214 5673 [42730]
2370 5614 2823 5664 Königsberg, Pr.
2416 5663 3214 5718 Das Konkursverfahren über den Nachlaß
2370 5708 3212 5764 des Kaufmanns Bernhard Berlowitz,
2370 5754 3212 5808 in Firma Berlowitz & Halpert, in
2367 5799 3212 5855 Königsberg wird nach Abhaltung des
2368 5846 3097 5898 Schlußtermins hierdurch aufgehoben.
2413 5891 3210 5944 Königsberg i. Pr., den 18. Juli 1914.
2477 5939 3100 5987 Königl. Amtsgericht. Abt. 29.
3061 6026 3208 6074 [42731]
2368 6016 2819 6065 Königsberg, Pr.
2571 6065 3002 6114 Konkursverfahren.
2409 6108 3207 6162 Das Konkursverfahren über das Ver⸗
2365 6156 3207 6210 mögen des Kaufmanns Alexander
2360 6199 3203 6255 Kloſchinski hier wird nach erfolgter Ab⸗
2362 6247 3203 6301 haltung des Schlußtermins hierdurch auf⸗
2360 6291 2521 6337 gehoben.
2403 6338 3202 6391 Königsberg i. Pr., den 25. Juli 1914.
2440 6383 3130 6434 Königliches Amtsgericht. Abt. 29.
3047 6461 3202 6508 [42737]
2356 6450 2704 6497 Lage, Lippe.
2400 6499 3199 6549 In dem Konkursverfahren über das
2352 6543 3202 6598 Vermögen des Kaufmanns Ernſt
3337 398 4177 458 Schäffer in Lage, alleiniger Inhaber
3337 451 4170 501 der Firma Cognac à Braſſard Com⸗
3335 497 4170 548 pagnie in Lage, iſt Termin zur Prüfung
3334 541 4169 596 einer nachträglich angemeldeten Forderung
3333 586 4167 639 auf Donnerstag, 20. Auguft 1914,
3333 633 4165 686 Vormittags 10 Uhr, vor dem Fürſt⸗
3333 678 4011 725 lichen Amtsgerichte hier beſtimmt.
3377 723 3908 771 Lage, den 31. Juli 1914.
3539 771 3959 816 Der Gerichtsſchreiber
3503 816 3990 866 Fürſtlichen Amtsgerichts.
4020 902 4165 950 [42884]
3331 891 3984 945 Lobsens. Bekanntmachung.
3373 941 4163 988 Das Konkursverfahren über das Ver⸗
3328 988 4164 1033 mögen des Gaſtwirts Leo Betanski in
3332 1031 4163 1083 Gromaden wird nach erfolgter Ab⸗
3328 1076 4162 1131 haltung des Schlußtermins hierdurch auf⸗
3326 1123 3485 1168 gehoben.
3368 1170 3962 1216 Lobſens, den 17. Juli 1914.
3504 1217 3983 1265 Königliches Amtsgericht.
4009 1298 4161 1349 [42745]
3323 1293 3972 1344 Marienwerder, Westpr.
3548 1345 3938 1394 Bekanntmachung.
3368 1386 4159 1439 In der Paul Saupeſchen Konkursſache
3323 1431 4158 1486 ſoll mit Genehmigung des Kgl. Amtsgerichts
3322 1478 4159 1530 die Schlußverteilung erfolgen. Hierzu iſt
3322 1525 4156 1577 ein Betrag von 1041 ℳ 72 ₰ verfügbar.
3322 1569 4156 1622 Nach dem auf der Gerichtsſchreiberei des
3320 1616 4156 1667 Kgl. Amtsgerichts niedergelegten Schluß⸗
3320 1663 4156 1714 verzeichnis ſind dabei Forderungen in Höhe
3319 1711 4105 1760 von 11 473 ℳ 29 ₰ zu berückſichtigen.
3363 1754 4108 1804 Marienwerder, den 31. Juli 1914.
3465 1802 4015 1848 Düſter, Konkursverwalter.
4007 1887 4151 1935 [42741]
3318 1879 3692 1922 Mergentheim.
3381 1926 4070 1979 K. Amtsgericht Mergentheim.
3359 1971 4147 2021 In der Konkursſache über das Ver⸗
3315 2021 4147 2070 mögen des David Löwenſtein, Hadern⸗
3315 2064 4148 2114 händlers in Weikersheim, wurde als
3316 2108 4144 2159 Konkursverwalter an Stelle des Amts⸗
3315 2157 4147 2210 gerichtsſekretärs Hebſacker in Mergentheim,
3313 2204 4147 2257 der an der Fortführung des Amtes dienſtlich
3313 2248 4145 2303 verhindert iſt, beſtellt: Bezirksnotar May⸗
3318 2293 3787 2343 länder in Mergentheim.
3362 2339 3761 2386 Den 30. Juli 1914.
3548 2389 3912 2438 Hauff, Ger.⸗Aſſ.
3997 2474 4145 2523 [42736]
3313 2464 3825 2514 Moringen, Solling.
3510 2514 3932 2562 Konkursverfahren.
3354 2557 4142 2609 In dem Konkursverfahren über das
3310 2602 4139 2658 Vermögen der Firma Hagendorff und
3307 2649 4142 2703 Dehne, offene Handelsgeſellſchaft in
3307 2696 4138 2750 Hardegſen iſt Termin zur Prüfung einer
3307 2743 4139 2796 nachträglich angemeldeten Forderung auf
3308 2790 4138 2843 den 14. Auguſt 1914, Vormittags
3306 2834 4138 2890 9 ¼ Uhr, vor dem unterzeichneten Gerichte
3306 2879 3490 2923 beſtimmt.
3351 2927 4006 2976 Moringen, den 29. Juli 1914.
3480 2974 3958 3026 Königliches Amtsgericht.
3988 3062 4135 3109 [42883]
3303 3050 3560 3096 München.
3431 3101 4020 3153 K. Amtsgericht München.
3541 3150 3894 3198 Konkursgericht.
3346 3191 4132 3243 Am 29. Juli 1914 wurde das unterm
3298 3238 4134 3294 6. November 1911 über das Vermögen
3301 3285 4130 3338 des Kaufmanns Karl Ackermann,
3300 3329 4119 3382 Alleininhaber der Firma „Cosm. Labo
3295 3378 4128 3429 ratorium Thekla Karl Ackermann“,
3297 3422 4132 3474 München, eröffnete Konkursverfahren als
3296 3468 4129 3522 durch Schlußverteilung beendet aufge⸗
3297 3512 4132 3566 hoben. Vergütung und Auslagen des
3294 3558 4130 3611 Konkursverwalters und der Mitglieder des
3294 3604 4127 3655 Gläubigerausſchuſſes wurden auf die aus
3293 3651 4127 3707 dem Schlußterminsprotokolle erſichtlichen
3292 3696 3657 3747 Beträge feſtgeſetzt.
3336 3742 3962 3792 München, den 31. Juli 1914.
3318 3787 4096 3844 Gerichtsſchreiberei des K. Amtsgerichts.
3979 3878 4124 3926 [42074]
3286 3869 3806 3915 Nikolaiken, Ostpr.
3495 3918 3916 3966 Konkursverfahren.
3332 3959 4108 4011 In dem Konkursverfahren über das Ver
3283 4007 4121 4060 mögen des Kaufmanns Ferdinand
3282 4052 4119 4111 Fietkau in Nikolaikea iſt zur Beſchluß⸗
3282 4098 4121 4151 faſſung über das dem Konkursverwalter
3281 4146 4118 4199 und den Mitgli dern des Gläubigeraus⸗
3280 4189 4104 4242 ſchuſſes zu gewährende Honorar zur Ab
3278 4236 4116 4293 nahme der Schlußrechnung des Verwalters,
3278 4283 4115 4340 zur Erhebung von Einwendungen gegen
3274 4327 4116 4380 das Schlußverzeichnis der bei der Ver⸗
3280 4374 4114 4431 teilung zu berückſichtigenden Forderungen
3275 4422 4115 4477 und zur Beſchlußfaſſung der Gläubiger
3275 4466 4112 4523 über die nicht verwertbaren Vermögens⸗
3272 4511 4112 4570 ſtücke der Schlußtermin auf den 25. Auguſt
3272 4560 4110 4611 1914, Vormittags 10 Uhr, vor dem
3269 4603 4111 4661 Königlichen Amtsgericht hierſelbſt, Zimmer
3269 4649 3604 4695 Nr. 1, beſtimmt.
3316 4697 4106 4750 Nikolaiken (Oſtpr.), den 28. Juli 1914.
3485 4745 3899 4796 Der Gerichtsſchreiber
3399 4790 3983 4844 des Königlichen Amtsgerichts.
3956 4868 4104 4914 [42738]
3265 4856 3511 4901 Ohrdruf.
3587 4864 3797 4910 Beſchluß.
3314 4903 4098 4956 Das Konkursverfahren über das Ver⸗
3266 4951 4102 5002 mögen des alleinigen Inhabers der
3265 4994 4099 5051 Firma Grothe & Gams in Ohrdruf,
3263 5041 4096 5097 des Kaufmanns Robert Gams daſelbſt,
3261 5087 4097 5144 wird nach der Abhaltung des Schluß⸗
3264 5133 3878 5182 termins hierdurch aufgehoben.
3309 5178 3921 5230 Ohrdruf, den 10 Juli 1914.
3435 5227 3920 5275 Herzogl. Amtsgericht. 2.
3947 5316 4094 5362 [42739]
3260 5302 3749 5354 Rohrbach, Lothr.
3465 5355 3886 5404 Konkursverfahren.
3304 5394 4090 5448 Das Konkursverfahren über das Ver⸗
3253 5443 4094 5497 mögen der Eheleute Johann Peter
3933 6244 4081 6289 [42723]
3244 6235 3642 6278 Steinau, Oder.
3291 6281 4082 6335 Das Konkursverfahren über den Nach⸗
3242 6325 4081 6378 laß der am 27. Januar 1913 zu Köben
3242 6371 4078 6423 verſtorbenen Handelsfrau Luiſe Linke,
3240 6419 4078 6472 geb. Seeliger, zu Köben wird nach er⸗
3239 6464 4077 6517 folgter Abhaltung des Schlußtermins
3238 6508 3903 6559 hierdurch aufgehoben. (N. 1/13.)
3236 6554 4074 6609 Amtsgericht Steinau (Oder), 22. 7. 1914.
4899 415 5046 469 [42779]
4208 413 4682 457 Strehlen, Schles.
4413 463 4835 509 Konkursverfahren.
4255 503 5041 550 Das Konkursverfahren über das Ver⸗
4208 552 5040 599 mögen des Mühlenpächters Paul
4209 597 5039 646 Golitſch in Wammen wird nach er⸗
4207 640 5039 692 folgter Abhaltung des Schlußtermins
4207 686 4626 734 hierdurch aufgehoben.
4253 733 4873 781 Strehlen, den 29 Juli 1914.
4390 780 4869 828 Königliches Amtsgericht.
4894 854 5040 901 [42725]
4207 848 4530 890 Völklingen.
4411 895 4838 943 Konkursverfahren.
4251 939 5035 987 In dem Konkursverfahren über das Ver⸗
4202 987 5035 1035 mögen des Kaufmanns Richard Sperber
4201 1032 5034 1080 in Völklingen iſt infolge eines von dem
4203 1076 5034 1129 Gemeinſchuldner gemachten Vorſchlags zu
4201 1123 5034 1173 einem Zwangsvergleiche Vergleichstermin
4200 1169 5034 1218 auf den 25 Auguſt 1914, Vor⸗
4201 1214 5035 1265 mittags 11 Uhr, vor dem unterzeich⸗
4200 1261 5031 1310 neten Gerichte, Filiale Luiſenſtraße, Gaſt⸗
4199 1306 5034 1362 haus Schiel, II. Etage, Zimmer Nr. 1,
4197 1351 5033 1404 anberaumt. Der Vergleichsvorſchlag und
4199 1397 5034 1447 die Erklärung des Konkursverwalters
4196 1442 5030 1492 ſind auf der Gerichtsſchreiberei des Kon⸗
4197 1490 5028 1540 kursgerichts niedergelegt zur Einſicht der
4200 1535 4424 1578 Beteiligten.
4242 1582 4916 1629 Völklingen, den 25 Juli 1914.
4373 1629 4849 1676 Königliches Amtsgericht.
4885 1699 5029 1749 [42727]
4195 1693 4544 1739 Woldenberg.
4400 1744 4824 1791 Konkursverfahren.
4240 1787 5028 1834 Das Konkursverfahren über das Ver⸗
4191 1835 5029 1882 mögen des Rentiers Hermann Stubben⸗
4191 1882 5024 1930 hagen, früher hier, jetzt in Stettin,
4191 1926 5024 1978 wird nach erfolgter Abhaltung des Schluß⸗
4191 1972 4776 2020 termins hierdurch aufgehoben.
4237 2018 5024 2068 Woldenberg N.⸗M., den 29. Juli 1914.
4400 2066 4822 2113 Der Gerichtsſchreiber
4315 2111 4903 2160 des Königlichen Amtsgerichts.
4194 2249 5015 2337 Tarif⸗ ꝛc. Bekanntmachungen
4365 2340 4858 2425 der Eiſenbahnen.
4185 2430 4334 2475 [42888]
4227 2476 5019 2529 Ausnahmetarif für friſches, nicht
4181 2525 5015 2575 zubereitetes Fleiſch zum Verbrauch
4181 2569 5015 2620 im Inlande (Nr. 2 h des Tarifv.).
4181 2614 5014 2662 Die Einbeziehung von friſchem Blut in
4184 2661 5015 2712 den Ausnahmetarif wird mit Gültigkeit
4179 2708 5019 2758 vom 1. Auguſt 1914 auf den geſamten
4180 2752 5013 2803 Geltungsbereich des Ausnahmetarifs aus⸗
4177 2799 4871 2846 gedehnt. Berlin, 31. Juli 1914.
4253 2845 4959 2895 Königliche Eiſenbahndirektion.
4175 2913 4325 2960 [42889]
4222 2961 5009 3009 Staats⸗ und Privatbahngüterver⸗
4174 3006 5009 3057 kehr. Mit Gültigkeit vom 10. Auguſt
4177 3053 5006 3103 1914 werden die Stationen Apenrade,
4175 3097 5007 3152 Gravenſtein, Hadersleben (Schlesw.),
4172 3143 5006 3195 Heide (Holſt.), Heiligenhafen, Huſum,
4174 3190 5005 3241 Kappeln (Schlei), Marne, Oldenburg
4177 3235 5004 3286 (Holſt.), Sonderburg und Torneſch als
4172 3282 5003 3331 Empfangsſtationen in den Ausnahmetarif 8a
4176 3328 5002 3375 für Gießereiroheiſen aufgenommen. Aus⸗
4173 3373 5001 3424 kunft geben die beteiligten Güter⸗
4169 3420 4999 3469 abfertigungen ſowie das Auskunftsbureau
4170 3465 4772 3517 hier, Bahnhof Alexanderplatz.
4218 3513 4793 3561 Berlin, den 31. Juli 1914.
4238 3557 4948 3606 Königliche Eiſenbahndirektion.
4166 3624 4318 3674 [42978]
4403 3629 4786 3676 Bekanntmachung
4166 3674 4998 3721 betreffend Beſchränkung des öffent⸗
4166 3718 4997 3769 lichen Verkehrs auf den Eiſenbahnen.
4213 3764 4996 3815 Nachdem die Mobilmachung befohlen
4166 3811 4997 3861 worden iſt, werden nachſtehende, auf
4163 3856 4994 3905 Grund des Kriegsleiſtungsgeſetzes ein⸗
4163 3904 4992 3950 tretende Einſchränkungen des öffentlichen
4164 3948 4993 3997 Verkehrs auf den Eiſenbahnen hiermit
4161 3994 4466 4041 bekanntgegeben:
4209 4041 4991 4088 1) Privatgut und Vieh werden bis auf
4159 4087 4988 4135 weiteres nicht mehr angenommen. Die
4191 4822 4972 4869 Nach Ablauf der vorbezeichneten beiden
4141 4867 4974 4917 Tage tritt ein neuer Fahrplan in Kraft,
4140 4916 4976 4962 der diejenigen Züge (Militärlokalzüge)
4139 4961 4971 5009 enthält, die von Privatperſonen in dem
4140 5007 4971 5056 Umfange und ſo lange benutzt werden
4136 5054 4969 5101 können, wie es die Militärtransporte zu⸗
4136 5099 4254 5143 laſſen.
4180 5145 4967 5193 3) Etwaige Beſchwerden gegen vor⸗
4134 5191 4968 5241 ſtehende Beſtimmungen und Geſuche um
4135 5237 4970 5286 Beförderung von Privatperſonen, Vieh
4132 5282 4968 5330 oder Gütern ſind zwecklos und würden
4131 5329 4571 5371 unbeantwortet bleiben.
4178 5376 4775 5424 Berlin, den 1. Auguſt 1914.
4199 5420 4905 5469 Königliche Eiſenbahndirektion.
4168 5490 4280 5536 2890]
4180 5536 4961 5584 Weſtdeutſch⸗Sächſiſcher Verkehr.
4165 5583 4959 5629 m 1. Auguſt 1914 wird ein neuer Aus⸗
4155 5628 4959 5676 ahmetarif 7 d für Schwefelkiesabbrände
4168 5674 4958 5724 r Entzinkung von Bronnzell nach Triebes
4161 5720 4958 5766 ngeführt. Näheres iſt aus dem Tarif⸗
4156 5766 4957 5815 nd Verkehrsanzeiger der preußiſch⸗heſſi⸗
4152 5808 4957 5861 hen Staatseiſ nbahnen und aus unſerem
4167 5857 4959 5906 erkehrsanzeiger zu erſehen; auch gibt unſer
4165 5902 4955 5952 erkehrsbureau hier, Wiener Straße 4 II,
4159 5949 4957 5995 uskunft. Dresden, am 31. Juli 1914.
4160 5996 4958 6043 gl. Gen.⸗Dir. d. Sächſ. Staatseiſen⸗
4153 6042 4955 6088 ahnen als geſchäftsführende Verwaltung.
4162 6110 4270 6153 1976]
4168 6155 4949 6204 Bayeriſcher Lokalbahnſchnittarif.
4120 6198 4949 6251 Auf Seite 24 des Lokalbahnſchnittarifs iſt
4123 6246 4947 6297 nachzutragen: m. Für Frühzwetſchgen in
4120 6291 4947 6342 Wagenladungen von wenigſtens 5000 kg
4118 6335 4946 6388 beſtehen von Aſtheim, Untereiſenheim und
4121 6382 4948 6434 Volkach (Main) in einzelnen Güterver⸗
4116 6427 4862 6482 kehren beſondere Ausnahmefrachtſätze.
4163 6474 4791 6523 München, den 27. Juli 1914.
4112 6520 4941 6574 Tarifamt der K. Bayer. St.⸗E.⸗B.
4420 6570 4633 6617 r. d. Rh.
6312 455 8813 686 Deutſcher Reichsanzeiger
7489 779 7630 860 und
5651 985 9474 1217 Königlich Preußiſcher Staatsanzeiger.
5403 1696 6168 1789 Sonderausgabe.
6872 1696 8250 1785 Berlin, Montag, den 3. Auguſt, Morgens.
9397 1689 9711 1768 1914.
5681 2644 9700 2736 Ich bin gezwungen, zur Abwehr eines durch nichts gerechtfertigten Angriffs das Schwert zu ziehen und mit aller Deutſchland zu
5402 2774 9707 2865 Gebote ſtehenden Macht den Kampf um den Beſtand des Reiches und unſere nationale Ehre zu führen. Ich habe Mich während Meiner
5401 2906 9698 3000 Regierung ernſtlich bemüht, das deutſche Volk vor Krieg zu bewahren und ihm den Frieden zu erhalten. Auch jetzt iſt es Mir Gewiſſens⸗
5400 3036 9702 3131 ſache geweſen, wenn möglich den Ausbruch des Krieges zu verhüten; aber Meine Bemühungen ſind vergeblich geweſen. Reinen Gewiſſens
5397 3167 9707 3263 über den Urſprung des Krieges, bin Ich der Gerechtigkeit unſerer Sache vor Gott gewiß. Schwere Opfer an Gut und Blut wird die dem
5398 3298 9706 3395 deutſchen Volke durch feindliche Herausforderung aufgedrungene Verteidigung des Vaterlandes fordern. Aber Ich weiß, daß Mein Volk auch in
5398 3428 9718 3524 dieſem Kampf mit der gleichen Treue, Einmütigkeit Opferwilligkeit und Entſchloſſenheit zu Mir ſteht, wie es in früheren ſchweren Tagen zu
5396 3559 9716 3650 Meinem in Gott ruhenden Großvater geſtanden hat. Wie Ich von Jugend auf gelernt habe, auf Gott den Herrn Meine Zuverſicht zu
5394 3689 9706 3790 ſetzen, ſo empfinde Ich in dieſen ernſten Tagen das Bedürfnis, vor Ihm Mich zu beugen und Seine Barmherzigkeit anzurufen. Ich fordere
5396 3821 9696 3916 Mein Volk auf, mit Mir in gemeinſamer Andacht ſich zu vereinigen und mit Mir am 5. Auguſt einen außerordentlichen allgemeinen
5395 3952 9704 4052 Bettag zu begehen. An allen gottesdienſtlichen Stätten im Lande verſammle ſich an dieſem Tage Mein Volk in ernſter Feier zur
5395 4082 9707 4184 Anrufung Gottes, daß Er mit uns ſei und unſre Waffen ſegne. Nach dem Gottesdienſt möge dann, wie die dringende Not der Zeit es
5396 4229 6949 4317 erfordert, ein Jeder zu ſeiner Arbeit zurückkehren.
5678 4343 9489 4450 Ich erwarte, daß alle zuſtändigen Stellen das zur Ausführung dieſes Erlaſſes Erforderliche unverzüglich anordnen werden.
5818 4523 7131 4607 Berlin im Schloß, den 2. Auguſt 1914.
8237 4693 8876 4807 Wilhelm R.
8523 4873 9243 4955 v. Trott zu Solz.
5679 4983 5907 5047 An den
5395 5097 7070 5193 Miniſter der geiſtlichen und Unterrichtsangelegenheiten.
6298 6455 8791 6515 Verantwortlicher Redakteur: Direktor Dr. Tyrol in Charlottenburg. Verlag der Expedition (J. V.: Koye) in Berlin.
6563 6524 8532 6579 Druck der Norddeutſchen Buchdruckerei und Verlags⸗Anſtalt, Berlin SW., Wilhelmſtraße Nr. 32.
