10120 7272
805 563 1217 619 Wir haben verloren:
962 627 1529 677 1 Schlachtkreuzer („Lützow“)
2007 641 2176 679 26 700 t
964 673 1652 722 1 älteres Linienſchiff („Pommern“)
2009 684 2170 728 13 200 t
953 718 1942 779 4 kleine Kreuzer („Wiesbaden“, „Elbing“,
1008 763 1483 818 „Roſtock“, „Frauenlob“)
2006 774 2167 820 17 150 t
961 809 1270 856 5 Torpedoboote
2029 823 2167 864 3 670 t
1642 871 1863 922 Im ganzen
2004 878 2175 923 60 720 t.
891 921 2186 982 Die Verluſte des Feindes ſind faſt durchweg Totalverluſte,
797 966 2185 1026 während wir die Hälfte der 5 Torpedobootsbeſatzungen und die Be⸗
796 1013 2185 1072 ſatzungen von „Lützow“, „Elbing“, „Roſtock“ vollzählig bergen konnten.
1363 1215 1609 1269 Literatur.
883 1282 2181 1341 — Neue Reden an die deutſche Nation. Nach Vorgang
790 1328 2180 1386 von J. G. Fichte durch Profeſſor Dr. Ottmar Dittrich. (Ge⸗
792 1372 2184 1429 bunden 2 ℳ.) Verlag von Quelle und Meyer in Leipzig. 1916. —
790 1417 2181 1476 Aus der Not der Zeit geboren, ſollen dieſe Reden künftiger Not
788 1464 2179 1519 wehren und die Abwege zeigen, auf die wir geraten könnten. Der
787 1509 2177 1568 Verfaſſer ſieht alles Heil in dem „Perſonalismus“ unſerer zukünftigen
791 1555 2176 1613 Entwicklung, deſſen jeweilige Teilverwirklichung die Perſönlichkeit iſt,
787 1603 2177 1655 d. i. nach ſeinen eigenen Worten die Idee: Alle für einen und einer
788 1645 2176 1702 für alle und doch jeder ganz er ſelbſt. Hiermit liegen im Widerſtreit
784 1692 2174 1749 der Individualismus: Jeder für ſich und keiner für andere,
781 1737 2172 1793 und der Univerſalismus: Alle für einen und einer für alle.
783 1783 2171 1842 Unter dem Geſichtspunkt dieſer Ideen iſt die Entwicklung
780 1829 2173 1886 des deutſchen Volks von den älteſten Zeiten bis auf die jüngſte
780 1873 2171 1930 Gegenwart in einer Weiſe dargeſtellt, die trotz der Fülle von Einzel⸗
780 1918 2172 1974 heiten die großen Züge der deutſchen Geſchichte ſcharf und beſtimmt
778 1966 2170 2023 hervortreten läßt. An dieſen hiſtoriſchen Rückblick ſchließt ſich als
778 2010 2168 2068 beſonders intereſſantes Kapitel die Schilderung des engliſchen Indi⸗
775 2058 2170 2114 vidualismus im Zuſammenhang mit dem urſprünglich auf religiöſer
777 2103 2167 2160 Grundlage beruhenden Kapitalismus. Indem der von England ange⸗
777 2150 2169 2206 nommene Calvinismus das kanoniſche Zinsverbot aufhob, ſchuf
775 2195 2166 2250 er die Bedingungen für die Bildung des Kapitalismus, und
776 2239 2166 2297 die Produktion um der Produktion willen bei Verpönung des
776 2285 2165 2343 Genußzweckes erſchien als ein allgemein⸗calviniſtiſches religiöſes
774 2330 2165 2388 Gebot. Sobald aber der asketiſche Sinn dieſes Gebots in Vergeſſenheit
774 2378 2163 2432 geriet, führte der Kapitalismus zu dem brutalen, oft mit den un⸗
774 2423 2163 2480 lauterſten Mitteln geführten Konkurrenzkampf und in weiterer Folge
771 2467 2162 2526 ſchließlich zu der Machtgierpolitik Englands, die als die eigentliche
770 2513 2159 2572 Urſache des Weltkrieges vom Verfaſſer bezeichnet wird. Im Gegen⸗
769 2559 2159 2616 ſatz hierzu ſteht der vorwiegend die deutſche Politik kennzeichnende
767 2605 2158 2660 Perſonalismus, von deſſen Einwirkung zunächſt auf unſere Bundes⸗
768 2651 2156 2708 genoſſen, im beſonderen Oeſterreich⸗Ungarn, Prof. Dittrich eine Ab⸗
768 2695 2159 2755 ſchwächung der individualiſtiſchen Stammes⸗ und Raſſengegenſätze
767 2742 2158 2799 erhofft. Für die Geſundung unſerer inneren Politik ſtellt er die
768 2788 2156 2843 gleiche Forderung der Bekämpfung individualiſtiſcher Beſtrebungen
765 2834 2156 2891 und als höchſtes Ziel unſeres Volkes die Züchtung der Perſönlichkeit
762 2879 1286 2930 als Maſſenerſcheinung auf.
853 2927 2155 2984 — Im Juliheft der „Deutſchen Rundſchau“ (herausgegeben
763 2971 2153 3028 von Dr. Bruno Hate, Verlag von Gebrüder Paetel), Berlin, ver⸗
763 3016 2152 3073 öffentlicht Alfredo Hartwig einen Beitrag zur Beurteilung der Be⸗
762 3062 2152 3121 ſchlagnahme deutſcher Schiffe in portugieſiſchen Häfen, indem er das
762 3109 2151 3168 Verhältnis „England und Portugal“ eingehend erörtert. Das „Kriegs⸗
763 3155 2152 3212 tagebuch des Generalleutnants Kurt Haubold von Einſiedel“, heraus⸗
760 3201 2150 3261 gegeben von Witticho von Einſiedel, ſchildert in der neueſten Fortſetzung
759 3244 2152 3303 die Kämpfe um Königgrätz. Guſtav Berthold Volz erinnert an
763 3291 2148 3350 „Die finanzielle Kriegsrüſtung Friedrichs des Großen“. Zwei Bei⸗
758 3337 2147 3393 träge zur Literaturgeſchichte: „Von Eduard Mörikes Leben und
757 3381 2148 3440 Sterben“. Unveröffentlichte Berichte aus dem Nachlaſſe Wilhelm
756 3429 2147 3486 Hartlaubs, mitgeteilt von Hanns Wolfgang Rath, und die von Guſtav
756 3474 2147 3535 Willibald Freytag herausgegebenen Teile „Aus Guſtav Freytags
758 3521 2146 3578 Briefwechſel mit Graf und Gräfin Baudiſſin“ bieten neue Tatſachen
756 3567 2144 3625 zur Beurteilung beider Dichter. Jakob Schaffners zeitgenöſſiſcher
754 3611 2152 3674 Roman „Die Schweizerreiſe“ wird fortgeſetzt. In der „Literariſchen
754 3658 2145 3715 Rundſchau“ beſpricht Theodor Schiemann ein kürzlich heraus⸗
756 3704 2144 3763 gekommenes Buch „Die Not der Fremdvölker unter dem ruſſiſchen
753 3747 2145 3804 Joche“ von H. von Revelſtein. Franz Fromme macht auf bedeutende
752 3795 2145 3851 Niederdeutſche Neuerſcheinungen aufmerkſam. Reinhold Steig teilt neue
754 3839 2092 3897 Forſchungsergebniſſe über „Bettinas Beſuch bei Goethe 1824“ mit.
1195 3955 1691 4005 Theater und Muſik.
836 4025 2137 4082 In der Volksbühne (Theater am Bülowplatz) iſt
745 4070 2136 4127 der Anfang der morgen beginnenden Vorſtellungen von Shakeſpeares
751 4117 2135 4175 „Sommernachtstraum“, mit der Muſik von Mendelsſohn⸗Bartholdy
746 4161 1937 4221 und mit Hans Waßmann als Zettel, auf 8 ¼ Uhr feſtgeſetzt.
1231 4275 1633 4332 Mannigfaltiges.
833 4348 2131 4403 Ueber England ſind, wie „W. T. B.“ meldet, folgende Perſonen
741 4392 2130 4451 aus Togo zurückgekehrt: Miſſionar Ernſt Goretzki, Wagen⸗
742 4440 2131 4493 bauer Bartholomäus Winkler, Pflanzungsdirektor Otto
740 4485 2129 4539 Woeckel mit Ehefrau Antonie, geb. Kimpel; aus Kamerun:
738 4531 2128 4589 Miſſionar Jacob Hofmeiſter, Färbermeiſter Bernhard Singer.
827 4645 2126 4704 Eine Anzahl ſkandinaviſcher ſozialiſtiſcher Parla⸗
736 4695 2128 4748 mentarier, die auf einer Studienreiſe durch Deutſchland
736 4738 2122 4793 begriffen, gegenwärtig in Berlin weilen, beſichtigten, wie „W. T. B.“
738 4784 2125 4841 berichtet, am Dienstag und Mittwoch ſoziale Einrichtungen der Stadt
736 4830 2124 4886 Berlin und das Oskar⸗Heleneheim in Zehlendorf. Das Virchow⸗
738 4876 2124 4934 krankenhaus, zwei der Kriegsbeſchädigtenfürſorge dienſtbar gemachte
733 4921 2123 4977 Gewerbeſchulen ſowie die Anlagen für Maſſenſpeiſungen in der
732 4967 2123 5023 Treskowſtraße fanden die ungeteilte Bewunderung der Beſucher. Nicht
731 5014 2120 5072 weniger Intereſſe brachten ſie den ſtädtiſchen Anlagen in Buch
732 5061 2119 5117 entgegen, wo der Dienstag mit einem Empfang bei dem Oberbürger⸗
731 5104 2117 5158 meiſter Wermuth ſeinen Abſchluß fand. Der Abgeordnete Lindblad⸗
731 5150 2119 5207 Gotenburg dankte hier im Namen der Gäſte. Er ſprach insbeſondere
732 5196 2117 5254 ſeine Bewunderung für das ſchöne Altersheim aus, „wo Architektur,
729 5242 2115 5298 Gartenkunſt und ſozialer Gemeinſinn ſich vereinigt hätten, um den
729 5288 2116 5341 alten Leuten einen behaglichen Lebensabend zu ſchaffen“. — Der
727 5332 2116 5392 ſchwediſche Geſandte Graf Taube und der däniſche Geſandte Graf
726 5379 1927 5438 Moltke beteiligten ſich zum Teil an dieſen Beſichtigungen.
816 5494 2112 5552 Konſtanz, 19. Juli. (W. T. B.) Geſtern um 11 Uhr Nachts
726 5539 2110 5599 iſt ein zweiter Zug kranker kriegsgefangener Franzoſen,
726 5587 2111 5640 etwa 300 Mann, hier eingetroffen. Im ganzen werden bei dem
726 5632 2110 5687 diesmaligen Austauſch kranker Kriegsgefangener etwa dreitauſend
724 5677 2110 5733 feindliche Kriegsgefangene in die Schweiz übergeführt, davon
724 5723 2110 5778 zweitauſend Franzoſen, ſechs⸗ bis achthundert Engländer und etwas
724 5769 2110 5824 über dreihundert Belgier. Die mit dem jetzigen Transport er⸗
723 5815 2108 5869 warteten Kriegsgefangenen ſind ausſchließlich Leute, die während des
724 5860 2107 5916 letzten Austauſches zurückgeſtellt und in Konzentrationslagern in
722 5906 2108 5964 Würzburg geſammelt wurden. Zwiſchen dieſe Transporte wird auch
722 5951 2107 6009 ein Austauſch Schwerverwundeter eingeſchoben, der für
722 5994 2107 6056 Freitag, den 21. Juli, angeſetzt iſt und aus je einem Zuge nach
721 6044 2105 6098 jede Richtung beſtehen ſoll. Mit dem Zuge von Konſtanz ſollen
721 6089 2108 6146 etwa 400 ſchwerverwundete Franzoſen nach ihrer Heimat befördert
720 6135 1844 6188 werden. Die Zahl der Deutſchen iſt noch nicht bekannt.
807 6249 2104 6302 Madrid, 19. Juli. (W. T. B.) Nach einer Madrider Mel⸗
720 6291 2105 6350 dung des „Temps“ iſt durch einen Miniſterialerlaß eine Be⸗
718 6340 2104 6401 ſchränkung der Beleuchtung für ganz Spanien infolge
716 6385 1403 6437 Kohlenmangels angeordnet worden.
806 6495 2102 6558 Athen, 19. Juli. (W. T. B.) Wie Pariſer Blätter melden,
712 6546 2102 6601 hat die Unterſuchung ergeben, daß die Urſache des Brandes des
714 6592 1592 6646 Schloſſes Ta ot keine zufällige war.
2682 606 3239 665 Handel und Gewerbe.
2350 682 3648 737 — Ueber die Leipziger Herbſtmuſtermeſſe, die vom
2259 728 3646 785 27. Auguſt bis 2. September d. J. wie in Friedenszeiten abgehalten
2259 774 3646 832 wird, ſind den Aelteſten der Kaufmannſchaft von Berlin Mitteilungen
2258 822 3644 878 zugegangen, die insbeſondere die nicht unweſentlichen Vergünſtigungen
2260 863 3643 922 für die Meßbeſucher (Fahrpreisermäßigung, frachtfreie Rückbeförderung
2256 909 3642 966 der Meßgüter uſw.) betreffen. Intereſſenten erhalten Auskunft im
2256 951 3595 1011 volkswirtſchaftlichen Sekretariat, Berlin C. 2, Börſe, Zimmer 141.
2351 1012 3639 1070 — In der geſtrigen Zechenbeſitzerverſammlung des Rheiniſch⸗
2255 1056 3638 1115 Weſtfäliſchen Kohlenſyndikats Eſſen erfolgte laut Meldung
2254 1103 3636 1161 des „W. T. B.“ die Feſtſetzung der Beteiligungsanteile für Kohlen,
2252 1147 3638 1202 Koks und Briketts für Auguſt in der bisherigen Höhe. Ferner wurde
2255 1194 3637 1252 über die Verhandlungen des Ausſchuſſes berichtet, daß nicht ſämtliche
2252 1239 3636 1297 Beteiligte, wohl aber ein anſehnlicher Teil davon ſich
2251 1284 3635 1339 bedingungslos bereit erklärt hat, einem zu bildenden
2250 1330 3634 1388 fünfjährigen Syndikat beizutreten. Von einigen Seiten ſind
2249 1375 3633 1434 Wünſche geſtellt worden, die ſich nicht erfüllen ließen.
2251 1421 3634 1474 Der Standpunkt des Ausſchuſſes bewegt ſich unverändert in der
2247 1466 3632 1525 Richtung, daß diejenigen Anträge, die von den in dem letzten Rund⸗
2249 1511 3633 1571 ſchreiben aufgeſtellten Grundſätzen abweichen, Berückſichtigung nicht
2247 1559 3631 1615 finden können. Einige Anträge, die auf Abänderung von Beſtim⸗
2245 1602 3631 1659 mungen des Syndikatsvertrages hinauslaufen, ſollen zurückgeſtellt und
2245 1648 3630 1705 den Beteiligten unterbreitet werden. Auf den 15. September wird
2244 1695 3631 1753 eine entſcheidende Verſammlung der Zechenbeſitzer einberufen. Falls
2243 1740 3630 1800 ſich auch dann noch nicht die Zuſtimmung der Geſamtheit ergibt, ſoll
2242 1787 3443 1841 eine weitere Verſammlung vor dem 15. Oktober ſtattfinden.
2338 1842 3628 1900 Aus dem in der Zechenbeſitzerverſammlung des Kohlen⸗
2241 1887 3629 1949 ſyndikats erſtatteten Bericht iſt zu entnehmen: Der rechnungs⸗
2240 1935 3630 1995 mäßige Kohlenabſatz betrug im Monat Juni 1916 bei 22 ⅜
2240 1978 3632 2037 (im Vormonat 27) Arbeitstagen 5 852 811 (Vormonat 6 700 816) t
2240 2026 3629 2081 oder arbeitstäglich 261 378 (Vormonat 248 178) t. Von der
2240 2070 3629 2127 Beteiligung, die ſich auf 8 088 858 (Vormonat 9 759 835) t
2237 2117 3628 2177 bezifferte, ſind demnach 72,36 (Vormonat 68,66) Prozent abgeſetzt
2238 2163 3626 2222 worden. Der Geſamtabſatz, ausſchließlich Zechenſelbſtverbrauch, betrug
2237 2206 3626 2266 bei 22 ⅜ (Vormonat 27) Arbeitstagen 3 884 853 (Vormonat 4 700 648) t
2235 2253 3626 2310 Kohlen oder arbeitstäglich 173 625 (Vormonat 174 098) t; bei 30
2238 2301 3624 2358 (Vormonat 31) Arbeitstagen 2 249 839 (Vormonat 2 276 700) t Koks
2235 2346 3624 2403 oder arbeitstäglich 74 995 (Vormonat 73 442) t; bei 22 ⅜ (Vormonat 27)
2234 2391 3624 2449 Arbeitstagen 294 357 (Vormonat 350 568) t Briketts oder arbeitstäglich
2235 2436 3623 2491 13 156 (Vormonat 12 984) t. Hiervon gingen für Rechnung des Syndikats
2233 2483 3622 2541 3 062 392 (Vormonat 3 756 833) t Kohlen oder arbeitstäglich 136 867
2232 2528 3623 2585 (Vormonat 139 142) t; 1 482 086 (Vormonat 1 514 353) t Koks oder
2231 2574 3622 2630 arbeitstäglich 49 403 (Vormonat 48 850) t; 248 815 (Vormonat
2230 2617 3620 2677 303 210) t Briketts oder arbeitstäglich 11 120 (Vormonat 11 230) t.
2230 2665 3622 2721 Die Förderung ſtellte ſich insgeſamt auf 7 347 464 (Vormonat
2230 2711 3618 2770 8 435 478) t oder arbeitstäglich auf 328 378 (Vormonat 312 425) t.
2230 2757 3618 2815 Weiter heißt es in dem Bericht: Das Abſatzergebnis des Berichts⸗
2228 2804 3619 2862 monats iſt hinter dem vormonatigen zurückgeblieben. Der eingetretene
2226 2848 3617 2907 Rückgang iſt, da die Nachfrage ſich nicht vermindert erfohren hat,
2226 2893 3617 2953 ausſchließlich auf die Verminderung der Förderleiſtung in⸗
2226 2941 3615 2997 folge des Umſtandes zurückzuführen, daß der Berichts⸗
2225 2988 3614 3046 monat 4 ⅝ Arbeitstage weniger als der Vormonat ge⸗
2225 3029 3614 3088 habt hat. Der rechnungsmäßige Abſatz iſt gegen den Vormonat ins⸗
2226 3078 3618 3136 geſamt um 848 005 t gefallen, dagegen im arbeitstäglichen Durch⸗
2223 3123 3614 3183 ſchnittsergebnis um 13 400 t geſtiegen. Die ſtarke Steigerung des
2223 3170 3614 3229 arbeitstäglichen Durchſchnittsergebniſſes iſt dadurch zu erklären, daß
2222 3213 3612 3273 ſich die für die Erzeugung des abgeſetzten Koks verwendete, im
2221 3263 3613 3318 rechnungsmäßigen Abſatz enthaltene Kohlenmenge im Berichtsmonat
2220 3308 3612 3366 auf nur 22 ⅜ Arbeits⸗ (Förder⸗) Tage verteilte und ſich arbeitstäglich
2220 3356 3610 3406 um 15 119 t höher ſtellte, als im Vormonat mit 27
2221 3399 3611 3459 Arbeitstagen. Die verhältnismäßig ſtärkere Inanſpruchnahme
2219 3445 3609 3504 der Kohlenförderung für die Kokserzeugung hatte not⸗
2217 3491 3610 3550 wendig eine Verringerung der für den Abſatz verfügbaren
2218 3538 3608 3598 Kohlen zur Folge. Dementſprechend iſt der Kohlenabſatz
2217 3583 3608 3641 ſowohl insgeſamt als auch im arbeitstäglichen Durchſchnitts⸗
2217 3629 3609 3689 ergebnis gegen den Vormonat zurückgegangen. Der Koksabſatz hielt
2216 3673 3609 3733 ſich, trotzdem der Berichtsmonat einen Arbeitstag weniger hatte, in
2217 3717 3607 3777 der Geſamtmenge nahezu auf der vormonatigen Höhe, während im
2215 3765 3607 3823 arbeitstäglichen Durchſchnittsergebnis eine allerdings nicht erhebliche
2213 3811 3607 3871 Zunahme zu verzeichnen iſt. Die Kokserzeugung betrug insgeſamt
2214 3854 3605 3915 2 236 646 t, arbeitstäglich 74 555 t gegen 2 267 241 t bezw.
2211 3901 3604 3962 73 137 t im Vormonat. Der Brikettabſatz bewegte ſich,
2211 3948 3603 4005 abgeſehen von dem durch die geringere Zahl der Arbeits⸗
2211 3996 3603 4056 tage in der Geſamtmenge bedingten Ausfall, im arbeitstäglichen
2209 4040 3603 4098 Durchſchnittsergebnis im Rahmen des Vormonats. Der auf die Ver⸗
2210 4086 3603 4144 kaufsbeteiligung der Mitglieder anzurechnende Abſatz betrug im
2209 4132 3601 4192 Berichtsmonat im Vergleich zum Vormonat beim rechnungsmäßigen
2209 4178 3601 4236 Abſatz 72,36 % Kohlen gegen 68,66 %; 78,81 % Koks, einſchließlich
2208 4225 3601 4284 1,23 % Koksgrus, gegen 78,01 % bezw. 1,32 %; 66,22 % Briketts
2207 4272 3602 4327 gegen 67,40 %. Der Umſchlagsverkehr in den Rheinhäfen wurde
2207 4317 3598 4372 auch im Berichtsmonat durch den Verſand über den Rhein — Herne⸗
2204 4361 3599 4421 Kanal weſentlich entlaſtet. Der Kanalverſand betrug im Berichts⸗
2204 4409 2548 4452 monat 354 218 t.
2298 4466 3597 4526 Wien, 19. Juli. (W. T. B.) Bei andauernder Zurückhaltung
2203 4511 3596 4568 verlief der Börſenverkehr äußerſt ſtill. Vorübergehend machten
2202 4557 3597 4619 ſich geringe Verkäufe in einzelnen Rüſtungs⸗ und Eiſenaktien geltend,
2201 4603 3597 4662 doch wurde die mäßige Abſchwächung derſelben wieder wettgemacht,
2201 4649 3597 4709 ſodaß ungefähr die geſteigen Kurſe in Geltung blieben. Dies gilt
2200 4695 3598 4752 auch von den geſtern bevorzugten Bankpapieren, dagegen waren
2199 4741 3597 4800 Petroleumwerte und einzelne Eiſen⸗ und Munitionsaktien billiger
2197 4786 3595 4845 erhältlich. In Nachfrage ſtanden Zucker⸗ und Lederaktien. Der
2198 4831 2966 4885 Anlagemarkt zeigte keine Veränderung.
2289 4890 3591 4950 St. Petersburg, 14. Juli. (W. T. B.) Bankausweis. In
2196 4935 3591 4994 Millionen Rubel. Aktiva: Beſtand an Gold 1543,3 (1541,0 Vor⸗
2195 4981 3592 5039 woche), Gold im Ausland 1683,0 (1683,0), Silber u. Scheidemünzen 76,4
2192 5026 3590 5086 (75,2), Wechſel 367,9 (358,8), kurzfriſtige Schatzſcheine 3823,7
2192 5073 3589 5133 (3734,1), Vorſchüſſe, ſichergeſtellt durch Wertpapiere 537,7 (522,6),
2193 5118 3588 5178 Vorſchüſſe, ſichergeſtellt durch Waren 51,3 (50,5), Vorſchüſſe an
2192 5163 3588 5223 Anſtalten des kleinen Kredits 72,0 (72,1), Vorſchüſſe an Land⸗
2191 5211 3587 5269 wirte 19,1 (19,0), Vorſchüſſe an Induſtrielle 7,8 (7,7), Guthaben
2190 5255 3587 5316 bei den Filialen der Bank 485,3 (471,2); Paſſiva: Betrag der um⸗
2189 5301 3586 5360 laufenden Noten 6628,3 (6533,1), Bankkapital 55,0 (55,0), Ein⸗
2188 5349 3586 5408 lagen 18,1 (18,1), laufende Rechnung des Staatsſchatzes 206,5 (455,5),
2189 5394 3185 5450 laufende Rechnung der Privaten 1295,0 (1108,5).
2647 5558 3118 5609 Börſe in Berlin
2528 5626 3245 5681 (Notierungen des Börſenvorſtandes)
2529 5741 2586 5787 für
2766 5699 3052 5745 vom 20. Juli
3255 5706 3527 5748 vom 19. Juli
2741 5743 2839 5787 Geld
2953 5745 3069 5794 Brief
3224 5748 3321 5795 Geld
3436 5752 3546 5803 Brief
2768 5795 2825 5834 ℳ
2985 5797 3035 5837 ℳ
3242 5801 3290 5838 ℳ
3461 5803 3509 5841 ℳ
2173 5826 2387 5872 New York
2482 5832 2662 5877 1 Dollar
2773 5837 2859 5878 5,28
2998 5839 3080 5883 5,30
3252 5841 3337 5885 5,28
3471 5843 3562 5886 5,30
2179 5875 2334 5920 Holland
2432 5878 2665 5919 100 Gulden
2724 5881 2820 5925 224 ¾
2943 5882 3043 5929 225 ¼
3205 5884 3300 5931 224 ¾
3429 5886 3520 5936 225 ¼
2181 5919 2380 5964 Dänemark
2434 5924 2662 5965 100 Kronen
2728 5927 2821 5974 157 ½
2952 5931 3020 5969 158
3209 5932 3298 5977 157 ½
3428 5935 3496 5975 158
2182 5966 2374 6012 Schweden
2436 5969 2664 6010 100 Kronen
2728 5974 2820 6017 157 ½
2947 5975 3020 6015 158
3210 5976 3300 6023 157 ½
3430 5983 3498 6023 158
2182 6011 2376 6059 Norwegen
2436 6015 2664 6059 100 Kronen
2728 6019 2824 6068 157 ½
2949 6021 3021 6062 158
3208 6025 3297 6073 157 ½
3429 6029 3498 6069 158
2182 6058 2345 6105 Schweiz
2435 6061 2679 6106 100 Franken
2727 6066 2821 6109 102 ⅞
2947 6066 3045 6115 103 ⅛
3207 6067 3299 6114 102 ⅞
3427 6073 3522 6118 103 ⅛
2179 6103 2391 6152 Oeſterreich
2435 6105 2665 6151 100 Kronen
2750 6111 2857 6152 69,45
2972 6113 3079 6155 69,55
3230 6114 3332 6160 69,45
3449 6119 3554 6164 69,55
2174 6147 2378 6192 Rumänien
2440 6152 2585 6194 100 Lei
2749 6152 2823 6203 86 ¾
2973 6159 3041 6203 87 ¼
3230 6162 3296 6204 86 ¾
3447 6165 3517 6210 87 ¼
2186 6195 2387 6244 Bulgarien
2436 6198 2611 6242 100 Leva
2750 6202 2821 6248 79 ½
2973 6204 3047 6256 80 ½
3227 6206 3300 6257 79 ½
3449 6211 3515 6256 80 ½
2269 6364 3571 6427 Der heutige Wertpapiermarkt zeigte ein ſehr ruhiges Ausſehen.
2175 6414 3569 6473 Die Umſätze hielten ſich in den engſten Grenzen, zumal die fremden
2175 6460 3571 6517 Börſen keine Anregung boten. Eine eigentliche Tendenz konnte
2177 6506 3568 6562 unter dieſen Umſtänden nicht zutage treten, auf allen Gebieten waren
2173 6552 3452 6609 die Veränderungen geringfügiger Art. Der Schluß war leblos.
3807 595 5085 647 Amtlicher Marktbericht vom Magerviehhof in
3717 642 5085 691 Friedrichsfelde. Schweine⸗ und Ferkelmarkt am
3715 688 5087 738 Mittwoch, den 19. Juli 1916. — Auftrieb: Schweine 93 Stück,
3716 733 5086 786 Ferkel 2395 Stück. Verlauf des Marktes: Schleppendes Geſchäft;
3715 779 5085 829 Preiſe bei Ferkeln niedriger. Es wurden gezahlt im Engroshandel für das
3714 823 5084 873 Stück: Läuferſchweine, 7 — 8 Monat alt —,— ℳ, 5 — 6 Monat alt
3711 869 5084 918 72 — 100 ℳ, Pölke 3 — 4 Monat alt 54 — 72 ℳ, Ferkel 9 — 13 Wochen
3711 914 5083 964 alt 28 — 34 ℳ, 6 — 8 Wochen alt 20 — 28 ℳ. Die Direktion des
3711 961 4029 1010 Magerviehhofes.
3752 1087 5049 1137 Kursberichte von auswärtigen Fondsmärkten.
3797 1156 5084 1211 London, 19. Juli. (W. T. B.) 2 ½ % Engl. Konſols 58 ⅞,
3706 1201 5083 1256 5 % Argentinier von 1886 96 ¾, 4 % Braſilianer von 1889 55 ⅝,
3705 1248 5083 1298 4 % Japaner von 1899 72 ¼, 3 % Portugieſen 54 ⅞, 5 % Ruſſen
3704 1293 5083 1342 von 1906 90 ¼, 4 ½ % Ruſſen von 1909 80 ¼, Baltimore u. Ohio
3701 1338 5082 1391 —,—, Canadian Pacific 188 ¾, Erie 37 ⅛, National Railways of
3703 1382 5083 1432 Mexiko 7 ½, Pennſylvania 59 ¾, Southern Pacific —,—, Union Pacific
3704 1429 5082 1482 144, United States Steel Corporation 88 ⅜, Anaconda Copper 16 ¼,
3700 1474 5084 1528 Rio Tinto 60 ⅞, Chartered 12⁄9, De Beers def. 11 ⅞, Goldfields 1 ½,
3702 1519 5081 1574 Randmines 3 9⁄16. Privatdiskont 5 ¾, Silber 29 ⅝. Bankeingang
3702 1566 4200 1615 686 000 Pfund Sterling.
3793 1622 5083 1676 Paris, 19. Juli. (W. T. B.) 5 % Franzöſiſche Anleihe 90,50,
3700 1664 5080 1721 3 % Franzöſiſche Rente 64,60, 4 % Span. äußere Anleihe 99,00,
3699 1713 5080 1764 5 % Ruſſen 1906 88,50, 3 % Ruſſen von 1896 —,—, 4 % Türken
3701 1759 4679 1807 unif. —,—, Suezkanal 4440, Rio Tinto 1735.
3790 1815 5081 1868 Amſterdam, 19. Juli. (W. T. B.) Gedrückt. Wechſel auf
3703 1860 5082 1914 Berlin 43,00, Wechſel auf Wien 29,87 ½, Wechſel auf Schweiz 45,55,
3699 1907 5082 1960 Wechſel auf Kopenhagen 67,75, Wechſel auf Stockholm 68,00,
3700 1953 5082 2003 Wechſel auf New York 241,25, Wechſel auf London 11,50, Wechſel
3701 1998 5081 2049 auf Paris 40,90. — 5 % Niederländiſche Staatsanleihe 102 ½, Obl.
3698 2045 5081 2096 3 % Niederl. W. S. 74, Königl. Niederländ. Petroleum 501,
3698 2088 5081 2139 Holland⸗Amerika⸗Linie 390, Niederländiſch⸗Indiſche Handelsbank
3697 2135 5078 2184 215, Atchiſon, Topeka u. Santa Fé 104 7⁄16, Rock Island ½, Southern
3698 2180 5079 2230 Pacific —,—, Southern Railway 22 5⁄16, Union Pacific 136 ¼, Ana⸗
3697 2229 5083 2282 conda 163, United States Steel Corp. 81. — Franzöſiſch⸗Engliſche
3694 2272 3982 2318 Anleihe —,—.
3786 2329 5080 2380 New York, 18. Juli. (Schluß) (W. T. B.) Die Unſicher⸗
3695 2374 5079 2427 heit, die im geſtrigen Börſenverkehr zutage getreten war, wich auch
3694 2420 5080 2471 heute nicht. Die Kurſe ſetzten durchweg niedriger ein. Beſonders
3691 2467 5078 2517 wurden gewiſſe Spezialpapiere und Kupferaktien ſtark angeboten. Im
3694 2513 5079 2566 weiteren Verlaufe unterlag die Haltung mehrfachen Schwankungen,
3696 2558 5079 2612 jedoch vermochten ſich Eiſenbahnwerte, ſpeziell Unions und Readings,
3692 2604 5078 2653 gut zu behaupten. Bemerkenswert war auch die Feſtigkeit der Steels.
3692 2650 5076 2702 In den Nachmittagsſtunden kam in Kupferaktien, Crucible Steels und
3690 2696 5077 2745 anderen Spezialitäten erneut Angebot heraus, wodurch auch die
3690 2741 5078 2792 übrigen Umſatzgebiete in Mitleidenſchaft gezogen wurden. Die Börſe
3689 2787 5079 2839 ſchloß in unregelmäßiger Tendenz. Der Aktienumſatz belief ſich auf
3690 2833 5077 2883 350 000 Aktien. Tendenz für Geld: Schwach. Geld auf 24 Stunden
3690 2878 5078 2930 Durchſchnittsrate 2 ½, Geld auf 24 Stunden letztes Darlehen 2 ½,
3688 2924 5080 2978 Wechſel auf London (60 Tage) 4,71,25, Cable Transfers 4,76,40,
3688 2970 5076 3023 Wechſel auf Paris auf Sicht 5,91, Wechſel auf Berlin auf
3687 3015 5076 3069 Sicht 73 ⅛, Silber Bullion 62 ⅜, 3 % Northern Pacific Bonds 66,
3685 3062 5076 3111 4 % Ver. Staat. Bonds 1925 110, Atchiſon, Topeka u. Santa
3687 3108 5076 3158 Fé 104 ⅝, Baltimore u. Ohio 89, Canadian Pacific 178, Cheſapeake
3686 3153 5076 3203 u. Ohio 61 ⅛, Chicago, Milwaukee u. St. Paul 96 ½, Denver
3686 3198 5075 3252 u. Rio Grande 15 ½ Illinois Central 104 ½, Louisville u. Naſhville 132,
3685 3244 5075 3297 New York Central 103 ½, Norfolk u. Weſtern 128 ½, Pennſylvania 57,
3683 3290 5074 3341 Reading 97, Southern Pacific 97 ¼, Union Pacific 137 ⅝, Anaconda
3684 3336 5074 3387 Copper Mining 78 ⅜, United States Steel Corporation 84 ¼, do.
3682 3383 3897 3430 pref. 117 ¾.
3772 3439 5074 3492 Rio de Janeiro, 18. Juli. (W. T. B.) Wechſel auf
3682 3486 3928 3533 London 12 ¾.
3725 3611 5035 3664 Kursberichte von auswärtigen Warenmärkten.
3770 3680 5072 3732 London, 14. Juli. (Mark Lane.) (W. T. B.) Zufuhren:
3680 3724 5070 3778 Gerſte 50 Qrs., Hafer 50 Qrs. Einfuhren: Weizen 63 830 Qrs.,
3680 3770 5071 3826 Mehl 4730 Sack, Mais 27 540 Qrs., Gerſte 6170 Qrs., Hafer
3678 3817 3919 3861 83 460 Qrs.
3770 3865 4933 3912 London, 18. Juli. (W. T. B.) Kupfer prompt 88.
3769 3909 5071 3959 London, 18. Juli. (W. T. B.) Wollauktion. Die
3677 3953 5071 4008 heutige Auktion wies ſtetige Haltung auf. Preiſe wurden nicht ver⸗
3676 3999 5069 4050 ändert. Von 9009 angebotenen Ballen wurden etwa 600 Ballen
3675 4046 3936 4093 zurückgezogen.
3764 4091 5069 4145 Am 17. Juli fand keine Wollauktion ſtatt, und am 24. Juli
3675 4137 4197 4183 fällt die Wollauktion aus.
3766 4185 4930 4239 London, 19. Juli. (W. T. B.) Kupfer prompt 89.
3763 4230 5067 4288 Liverpool, 18. Juli. (W. T. B.) Baumwolle. Umſatz
3674 4276 5064 4326 5000 Ballen, Einfuhr 3050 Ballen, davon 900 Ballen ameri⸗
3672 4321 5065 4373 kaniſche Baumwolle. — Für Juli⸗Auguſt 7,85, für Oktober⸗November
3672 4366 5063 4423 7,75. — Amerikaniſche und Braſilianiſche je 2, Aegyptiſche 5 Punkte
3671 4411 3848 4457 niedriger.
3762 4459 5064 4514 Amſterdam, 19. Juli. (W. T. B.) Santos⸗Kaffee
3670 4504 3918 4550 für Juli 58.
3760 4551 5062 4604 Amſterdam, 19. Juli. (W. T. B.) Rüböl loko 62 ¼,
3669 4595 5062 4651 für Auguſt 60 ¾. Leinöl loko 53 ½, für Auguft 52 ⅝, für Sep⸗
3669 4642 4264 4691 tember 53 ¾, für Oktober 54 ½.
3759 4689 5061 4741 New York, 18. Juli. (W. T. B.) (Schluß.) Baumwolle
3668 4733 5060 4788 loko middling 13,10, do. für Juli 12,87, do. für September 13,00,
3666 4781 5060 4833 do. für Oktober 13,19, New Orleans do. loko middling 13,00, Petroleum
3666 4825 5060 4879 Refined (in Caſes) 11,50, do. Standard white in New York 8,95,
3666 4872 5058 4926 do. in Tanks 5,25, do. Credit Balances at Oile City 2,60, Schmalz
3662 4917 5058 4973 prime Weſtern 13,50, do. Rohe u. Brothers 14,35, Zucker Zentri⸗
3661 4964 5056 5017 fugal 6,27 — 6,40, Weizen für Juli —,—, do. für September —,—,
3664 5010 5056 5062 do. hard Winter Nr. 2 neuer 122, Mehl Spring⸗Wheat clears (neu)
3663 5057 5058 5107 5,05 — 5,15, Getreidefracht nach Liverpool 16, Kaffee Rio Nr. 7
3663 5102 5057 5155 loko 9 ⅜, do. für Septemser 8,46, do. für Dezember 8,61, do. für
3661 5147 4925 5200 Januar 8,67, Kupfer Standard loko —,—, Zinn 37,75 Brief.
3752 5194 5056 5244 New York, 17. Juli. (W. T. B.) Die ſichtbaren
3660 5239 5055 5293 Vorräte betrugen in der vergangenen Woche: An Weizen
3659 5284 5056 5338 45 171 000 Buſhels, an Kanadaweizen 20 232 000 Buſhels, an Mais
3659 5331 4041 5375 5 219 000 Buſhels.
3747 5378 5053 5430 Rio de Janeiro, 18. Juli. (W. T. B.) Kaffee. Zu⸗
3658 5422 4624 5470 fuhren: In Rio 5000 Sack, in Santos 50 000.
4030 5689 4682 5760 Familiennachrichten.
3652 5789 5046 5846 Verlobt: Frl. Margarete Jaeſchke mit Hrn. Leutnant Dr. jur.
3742 5837 4243 5885 Hans Schmidt (Lauban).
3651 5892 5045 5948 Geboren: Ein Sohn: Hrn. Hauptmann Otto Frhrn. von Lüding⸗
3742 5939 4336 5989 hauſen gen. Wolff (Breslau).
3650 5995 5041 6051 Geſtorben: Hr. Generalleutnant z. D. Paul Zedler (Schloß Dam⸗
3740 6041 5040 6095 hitſch, Kreis Militſch). — Hr. Geheimer Regierungsrat Dr.⸗
3739 6088 5042 6142 Ing. Carl Hoffmann (Berlin). — Fr. Generalmajor Matilde
3737 6134 4524 6186 Hamann, geb. Bube (Freiburg i. Br.).
3641 6372 5034 6429 Verantwortlicher Redakteur: Direktor Dr. Tyrol in Charlottenburg.
3825 6430 4854 6486 Verlag der Expedition (Mengering) in Berlin.
3743 6487 4929 6545 Druck der Norddeutſchen Buchdruckerei und Verlagsanſtalt,
4074 6536 4605 6588 Berlin, Wilhelmſtraße 32.
4159 6609 4530 6673 Drei Beilagen
3684 6682 4994 6741 ſowie die 1055, und 1056. Ausgabe der Deutſchen
4190 6734 4489 6786 Verluſtliſten.
6839 666 7990 796 Erſte Beilage
5485 795 9327 977 zum Deutſchen Reichsanzeiger und Königlich Preußiſchen Staatsanzeiger.
5245 964 5681 1051 No. 169.
6897 986 8001 1071 Berlin, Donnerstag, den 20. Juli
9258 994 9555 1082 1916.
5759 1161 6127 1219 Nationalſtiftung
5358 1214 6526 1273 für die Hinterbliebenen der im Kriege Gefallenen.
5746 1285 6142 1337 143. Gabenliſte.
5332 1339 6644 1398 Bei der Reichsbank Berlin gingen ein: Spende der Deutſchen
5248 1384 6640 1445 in Santos 5000. 1. Landſt.⸗Inf.⸗Erſ.⸗Bat. Gent III, 36; 40, 40.
5247 1431 6639 1491 Major Roland, Etapp.⸗Inſpekt. IV. Armee 9,20. 4. Komp., Feld⸗
5248 1477 6639 1533 Rekruten⸗Depot, 13. Reſ.⸗Div. 1,60. Feldlazarett⸗Inſpektor Valentin
5246 1523 6638 1581 Fritz 2,50. Etappen⸗Kraftwagen⸗Park Nr. 3, w. Feldkriegskaſſe d.
5244 1565 6637 1626 Etappen⸗Inſpektion 3; 35. 2. Garde⸗Reſerve⸗Diviſion 3,50. Reichs⸗
5243 1613 6634 1667 bank Charlottenburg: S. R. 200. Reichsbank Dresden:
5244 1661 6632 1716 Frau verw. Hofrat Wittſtock 100. Reichsbank Düſſeldorf:
5244 1703 6636 1761 „Glückauf“ 2000. Reichsbank Hamburg: 50. Reichsbank Her⸗
5241 1749 6635 1807 ford: Frau Harhauſer 30. Reichsbank Hildesheim: Oberbahn⸗
5242 1795 6636 1849 hofsvorſteher Salzburger 15. Reichsbank Kiel: Dr. Mirius 10.
5241 1840 6634 1900 I. Matroſen⸗Diviſion 15. Torpedowerkſtatt Friedrichsort 40. I. Erſatz⸗
5240 1887 6635 1942 Seebat. 108. Marine⸗Stations⸗Kaſſe, Kiel⸗Wik 3. Reichsbank
5237 1933 6631 1986 Köslin: Erſ.⸗Bat. d. Landw.⸗Inf.⸗Reg. 9; 500. Reichsbank Lim⸗
5237 1978 6628 2034 burg: Frau Profeſſor Zimmermann 5. Reichsbank Lörrach:
5238 2022 6631 2076 Frau Auguſte Hock⸗Trampler, Baſel 100. Reichsbank Mann⸗
5236 2067 6631 2127 heim: Südd. Disconto⸗Geſ. 200. Reichsbank Münſter: Ober⸗
5237 2114 6627 2173 präſidium 1000. Reichsbank Oeynhauſen: Kap.⸗Ltn. v. Zerſſen
5235 2159 6633 2216 24,50. Reichsbank Poſen: Gefangenen⸗Lager Stralkowo 20.
5235 2205 6630 2261 Reichsbank Straßburg i. E.: Fritz Wildberger 450. Deutſche
5234 2250 6630 2308 Bank, Berlin: Königl. Konſiſtorium Wiesbaden 7698,23. Erhardt
5235 2296 6629 2354 & Co., G. m. b. H. Hamburg 100. Spende des Eiſenbahnvereins
5232 2344 6627 2403 Herzogenrath 200. Spende des Eiſenbahnvereins Konitz 1500. Friedr.
5234 2388 6627 2447 Mäckel 5. Kgl. Konſiſtorium Aurich, Ertrag der in den evang.
5233 2433 6626 2489 reformierten Kirchen der Provinz Hannover abgehaltenen Kirchen⸗
5231 2480 6629 2535 kollekte 4719,63. Dir. Dr. Gg. J. Meyer 550. Conrad Melcher
5232 2523 6626 2582 75. Landſt.⸗Inf.⸗Halb⸗Batl. 4, Metz (XVI. 3), 4. Komp. 29,80.
5231 2567 6625 2627 Paul Müller, Neuß 9,90. Karl Killer, Baſel 1,90. Kgl. Pr. Kreis⸗
5231 2613 6624 2673 kaſſe Görlitz (Invalidenpenſionen F. Vogel) 35,80. Prof. Dr.
5229 2663 6623 2716 Pritzkow, Grunewald 50. Bergrat Carl Gruhl, Brühl 10 000. Kreis⸗
5228 2708 6625 2767 Komitee vom Roten Kreuz in Diepholz 1500; 5 % Kriegsanleihe.
5229 2753 6628 2810 Direktor S. Blau, Schmargendorf 100. Eulenberg, Moenting & Co.,
5228 2796 6624 2855 G. m. b. H., Schlebuſch⸗Manfort 50. Dr. Eugen Bamberger 75.
5228 2844 6623 2898 Frl. Charl. Friederich, Düſſeldorf 1000. Frau Frieda Cleinow 100.
5228 2889 6625 2946 Ortsgruppe Baſel des Vereins mittl. bad. Eiſenbahnbeamter (Station
5225 2935 6620 2992 Haagen) 9,90. Wirkl. Geh. Rat C. Hauß 50. Bei den Poſt⸗
5225 2982 6619 3039 ämtern: Berlin Poſtamt 9; 10. Frieſack 2. Steglitz 11. Ham⸗
5225 3027 6619 3084 burg Poſtamt 22; 10. Bismarck 5. Görbersdorf 2. Leinefelde 1,90.
5225 3072 6620 3130 Wilferdingen 3. Magdeburg Poſtamt 1; 2. Ruhla 0,50. Lörrach
5221 3118 6617 3175 0,55. Steigert 2. Kolberg 3,52. Schirpitz 4. Hungen 6. Karls⸗
5222 3166 6617 3221 ruhe 50. Lauda 2. Neutomiſchel 10. Bruchſal 10. Oerlinghauſen 2.
5220 3210 6616 3267 Hamburg Poſtamt 39; 3. Wilchwitz 4,15. Langenſalza 4,50. Han⸗
5221 3256 6616 3311 nover⸗Kleefeld 16. Bad Köſen 2. Brokſtedt 1. Eppelsheim 3.
5218 3298 6618 3354 Hannover⸗Münden 2,07. Pfirt 42,70. Rinteln 50. St. Goar 50.
5221 3344 6613 3402 Weimar 150,60. Nikolasſee 47,51. Halle Poſtamt 1; 50. Mann⸗
5220 3392 6613 3451 heim Poſtamt 1; 100. Tilſit 50. Kiel Poſtamt 1; 71,05. Alzey
5220 3437 6615 3493 30. Diedenhofen 175. Strelno 0,80. Königſtein 1. Thale 2.
5220 3483 6614 3539 Oldisleben 5. Gotha Poſtamt 1; 10. Nordhauſen 0,75. Berlin
5218 3526 6616 3583 Poſtamt 113; 2. Blankeneſe 10. Lauban 25. Bad Nauheim 20.
5215 3575 6612 3630 Kowahlen 1. Bethel 5. Großſachſen 4,40. Niederwalluf 10. Tem⸗
6713 1174 8095 1228 pelburg 20. Danzig Poſtamt 1; 2. Poſen Poſtamt 3; 10. Inſter⸗
6714 1222 8097 1275 burg 1. Trier 5. Rinkenis 3. Mocker 1. Königsberg i. Pr.,
6713 1266 8096 1319 Bahnpoſtamt 25; 1,20. Reetz 1,35. Radolfzell 2. Reichenweier 5.
6713 1310 8096 1367 Carlsruhe 10,05. Cöln Poſtamt 5; 3. Mönkebude 10. Hamburg
6713 1351 8096 1411 Poſtamt 11; 6,85. Dallmin 1. Moys 3. Mannheim, Poſtamt 2;
6712 1399 8094 1452 73,25. Frankfurt a. M. Poſtamt 14; 2. Vallerysthal 5. Beckum 4.
6712 1446 8094 1501 Crimmitſchau 3. Landeck 1. Harſewinkel 1. Cöln Poſtamt 13; 4.
6712 1492 8092 1545 Elten 2,70. Tempelhof 2. Hochdahl Poſtamt 3: 2. Hammerſtein 2.
6711 1537 8092 1593 Poſtagentur Geiglitz 6. Altdöberitz 2. Roſtock 47. Cöln Poſtamt 1;
6710 1584 8090 1636 27. Neuſtadt 40. Naumburg 26. Zell 7. Hvidding 3,30. Schwiebus
6710 1626 8092 1679 23,50. Breslau Poſtamt 16; 2. Hemelingen 5. Eberswalde 1.
6712 1673 8094 1728 Wriezen 10. Mingolsheim 2. Freiburg 20. Hoheneggelſen 15.
6708 1719 8089 1773 Pfaffenhofen 3. Oppeln 5. Bei der Nationalſtiftung: Hein,
6709 1764 8091 1818 Lehmann & Co., Reinickendorf 15 000. Rudolf Fulda, Schmalkalden
6707 1808 8088 1863 5. Prof. Laband, Straßburg 10. Conrad & Giel, Bingerbrück 3.
6707 1856 8089 1910 E. Püſchel, Zeitz 3. Gußſtahl⸗Fabrik, Gebr. Böhler & Co., A.⸗G.,
6706 1900 8086 1955 Ratibor (Maiſamml. d. Beamten u. d. Meiſter) 49,14. Schweſter
6706 1942 8086 2001 Marie, Krankenhaus, Buxtehude 5. Paſtor Beſſer, Kloſterlausnitz 3.
6706 1991 8086 2046 Maſchinenfabrik L. Globeck, Weißenſee 20. Dr. G. F. Henning,
6706 2037 8082 2092 Chem. Fabrik 5. Heinrich Franke, Caſſel 2. Bruno Fonfara, Katto⸗
6705 2083 8082 2132 witz 3. Fabrik chem. Zündwaren, Julius Huch, Patſchkau 10. Biele⸗
6706 2128 8082 2183 felder A.⸗G. f. Mech. Weberei, Bielefeld 100. L. Körner, Spremberg
6703 2174 8081 2226 N.⸗L., Jahresbeitrag 15. M. Kemp & Weſſel, Cöln 10,05. Ger⸗
6705 2220 8083 2272 mania Brauerei⸗Geſ., Wiesbaden 50. Nachtrag zur Kollekte der
6702 2265 8081 2318 Kreisſynode St. Johann, 10,82. Städtiſche Polizei⸗Verwaltung
6703 2310 8081 2366 (Betrag für von den Schülern geſammeltes Alt⸗Gummi), Duderſtadt
6704 2358 8078 2409 11,80. II. Erſ.⸗Bat., Inf.⸗Regt. 16, Benrath 135,62. K. Pr. Zoll⸗
6702 2400 8081 2455 amt, Woldenberg 27. Frau Oberreg.⸗Rat Rudolph, Merſeburg 50.
6700 2446 8080 2502 K. Stationskaſſe, Tübingen 4,90. Frau Buchdruckereibeſitzer Riſins
6703 2494 8079 2545 Wwe., Weener 50. Kgl. Pr. Mobile Etappenkomm. 208; 100.
6699 2538 8076 2591 Kollekte d. Diözeſe Havelberg 154,47. Direktion der Akt.⸗Geſ. Oſt⸗
6700 2585 8076 2637 havelländiſcher Kreisbahnen 200. Erſ.⸗Abt. d. Lauenburger Jäger⸗
6698 2632 8078 2681 Bat. 9, Ratzeburg 85,55. Adolf Liebmann 50. A. Leinhaas 50.
6698 2672 8076 2727 Dr. Litthauer, Charlottenburg 50. Verein zur Hebung des öſtl.
6698 2721 8076 2772 Stadtteils, Hannover 5. Direktor Paul Kahnt, Ammendorf⸗Radewell
6700 2766 8078 2816 10. Direktor Albert Holz, Ammendorf⸗Radewell 10. Guſtav Küllen⸗
6695 2811 8076 2864 berg, Gelſenkirchen 5. Rhein. Weſtf. Elektrizitätswerk A.⸗G., Ab⸗
6696 2856 8077 2909 teilung Rotthauſen Gaswerk 15. Lehrer Volkmann, Hohenzeritz 6.
6696 2903 8076 2957 Julius Meyerwitz, Königsberg i. Pr. 2. Hermann Hochſtraßer,
6695 2950 8074 3000 Cöln 1. Kgl. privil. Adler⸗Apotheke Johannes Engmann, Falken⸗
6695 2994 8075 3049 berg i. P. 10. J. Mannheim, Kärlich 20. Groß & Co., G. m. b. H.,
6693 3041 8076 3091 Merſeburg 106,50. W. Pethran & Sohn 5. Feld⸗Rekruten⸗Depot
6692 3084 8076 3136 d. 2. Komp. d. Feldwebel Gamb, Sammlung d. Unteroff.⸗Korps 25.
6694 3132 8074 3185 Max Häußler, Hannover 27. A. J. Pletts Nachf., Königsberg i. Pr.
6691 3174 8074 3229 50. Naſſauer Drahtwerke, Naſſau 5. Habelſchwerdter Zündwaren⸗
6693 3221 8073 3274 fabrik Carl Grübel, Habelſchwerdt 50. Direktor Paul Heſſe 50.
6689 3269 8074 3321 Direktor Scheerer (Samml.), Mansfeld 34,50. Paul Grattenauer,
6691 3315 8068 3366 Gleiwitz 10. Sattelmeiſter Kühn, Wernigerode 1. Robert Füllhorn
6689 3360 8070 3409 Nachf., Breslau I; 3. Hinkel & Sohn, Frankfurt a. Main 10.
6688 3405 8067 3458 Barthel, Artern 0,50. Auguſt Zacharias, Hannover 1. Auguſt
6688 3453 8066 3503 Kappler, Hannover 1. Wilhelm Heidrich, Vorſitz. d. Dreſchmaſchinen⸗
6689 3498 8066 3549 Geſellſchaft I, Baumholder 10. Gebrüder Köppe 5. Max Loos,
6685 3544 8068 3591 Hannover 10. Carl Aug. Günther, Viernau 1. Reſ.⸗Bekleidungs⸗
6686 3589 8067 3640 Amt XVIII. Armeekorps, 1. Betriebsabteilung, Mainz⸗Kaſtel 53,28.
8171 1184 9553 1238 A. Klein, Cöln 5. Joſef Weiler, Brakel 5. Arthur Kunze, Ober⸗
8172 1227 9552 1285 hauſen 1. Fürſtl. Salm Salmſche Hauptkaſſe, Anholt i. W. 1000.
8168 1275 9551 1330 Kühne & Heinemann, G. m. b. H., Hannover 10. Deutſches Ein⸗
8169 1322 9551 1377 kehrhaus (aus d. Trinkgelderbüchſe im Offizierskaſino), St. Quentin
8166 1361 9549 1422 430,24. Deutſches Einkehrhaus (aus der Trinkgelderbüchſe im Mann⸗
8169 1408 9550 1468 ſchaftsraum), St. Quentin 10,38. H. N., Charlottenburg 25. Pfarrer
8167 1457 9549 1515 Pachnio (Erlös einer Verloſung in der ev. Frauenhilfe u. Ertrag
8163 1501 9550 1558 einer Kirchenkollekte), Frauenburg 50. Feld⸗Intendantur, 42. Inf.⸗
8164 1544 9549 1597 Diviſion 11. 1. Erſ.⸗Bat., Infant.⸗Reg. 16, Benrath 100. Leutnant
8164 1590 9547 1648 Schaumburg, Saarburg 10. II. Erſ.⸗Abt., Feldart.⸗Reg. 43, Weſel
8167 1635 9547 1692 14,80. Karl Knauf, Erfurt 20. Schweizer & Brieger, Glatz 3. Kurt
8162 1684 9543 1742 Bartels, Breslau 10. Wilhelm Stendel, Hohengöhren 2. R. Henne⸗
8162 1728 9547 1782 berg, Tangerhütte 2. Angeſtellte d. Kodak, G. m. b. H. 5,55. Albert
8161 1774 9541 1830 Loeb, Trier 5. E. Stender, Wipperfürth 5, Theodor Nolda,
8162 1819 9541 1876 Sorau N.⸗L. 3. Hermann Drüge, Minden i. W. 5. H. Teutrut,
8162 1862 9541 1918 Weſel 3. A. Notton, Saarlouis 3. Paul Scheeren, Aachen 10.
8159 1908 9542 1962 Liebesgaben⸗Sammelſtelle vom Roten Kreuz (Erlös aus Veran⸗
8160 1953 9539 2013 ſtaltungen der Verwundeten im Vereinslazarett vom Roten Kreuz),
8160 2002 9538 2057 Enger 143,12. Meta Schäfer, Heinrichsdorf 20. J. O. Krüger,
8158 2043 9542 2102 Demmin 1. Dr. Thörner, Osnabrück 5. Adam Hofmann, Biebrich
8158 2090 9538 2146 10. Aug. Hetzel, Offenburg 5. 9. Komp., Gren.⸗Reg. König⸗Fried⸗
8154 2138 9537 2192 rich⸗Wilhelm I. (2. Oſtpr.) Nr. 3; 109. Erſ.⸗Bat., Landw.⸗Inf.⸗
8160 2184 9536 2239 Reg. 6, Glogau 30. 3. Landw.⸗Inf.⸗Reg. 48; 90. Verlag der
8159 2229 9537 2284 „Hilfe“ (3. Samml. d. Hilfslehrer), Schöneberg 10. 3. Landw.⸗Inf.⸗
8157 2271 9538 2327 Reg. 48; 800. 12. Komp., Gren.⸗Reg. 3 (Samml. d. Unteroff. u.
8155 2319 9536 2374 Mannſchaft. der Offz.⸗Stellv. Federau) 230. Aſſiſtenzarzt Dr.
8154 2364 9538 2421 Staffier (aus Einkünften durch Behandlung d. Zivilbevölkerung
8153 2411 9535 2465 Frankreichs) 62,30. Verſ.⸗Geſ. „Thuringia“, Erfurt 10 000. Kaiſ.
8153 2452 9535 2507 Deutſch. Generalkonſulat, Kopenhagen 2307,85. Kommandantur Neu⸗
8154 2501 9536 2557 breiſach 1033,44. Elektrotechniſche Spezialkonſtruktionen G. m. b. H.,
8155 2548 9534 2598 Steglitz 5000; 5 % Kriegsanl. Farbwerke vorm. Meiſter, Lucius &
8154 2593 9534 2650 Brüning, Höchſt a. M. 100 000. Aus dem Vertrieb „Unſere Gegner
8154 2639 9534 2692 im Spiegelbilde unſerer Gefangenenlager“, H. Kaulitz 376,90. Julius
8153 2684 9532 2739 Dahlemann, Steglitz 5000. Dr. jur. Wilhelm Späing, Hamburg⸗
8152 2731 9530 2781 Bruckhauſen 600. Amtsrat von Below, Eberswalde 1600; 4 %
8151 2776 9531 2829 Preuß. Hypoth. Pfb. 3. Batterie, Fußartl.⸗Batl. 29; 33,40. Kolle⸗
8149 2822 9531 2877 gium des Städtiſchen Lyzeums und Oberlyzeums, Hagen i. W. 1000;
8151 2868 9529 2922 5 % Kriegsanl. Reichstagsabg. Cohen⸗Reuß 100. Weitergegeben,
8152 2911 8780 2956 da nicht für uns beſtimmt 30.
8242 2970 9060 3018 Berlin, Alſenſtr. 11, im Juli 1916.
8651 3039 9027 3084 Das Präſidium:
8152 3094 9531 3148 von Loebell, Staatsminiſter und Miniſter des Innern. Graf
8146 3137 9526 3192 v. Lerchenfeld⸗Köfering, Königl. Bayeriſcher Geſandter.
8150 3186 9527 3234 von Keſſel, Generaloberſt, Oberbefehlshaber in den Marken.
8150 3230 9528 3288 Freiherr von Spitzemberg, Kabinettsrat Ihrer Majeſtät
8148 3276 9531 3329 der Kaiſerin. Selberg, Kommerzienrat, geſchäftsführender Vize⸗
8144 3322 9523 3375 präſident. Schneider, Regierungspräſident. Herrmann,
8143 3367 9527 3421 Kommerzienrat, Direktor der Deutſchen Bank, Schatzmeiſter. Eich,
8143 3409 9522 3465 Kommerzienrat, Generaldirektor der Mannesmannröhren⸗Werke.
8140 3458 9520 3511 Dr. Caspar, Wirkl. Geh. Rat, Direktor im Reichsamt des
8139 3504 9518 3558 Innern. Vielhaber, Mitglied des Direktoriums der Fried.
8139 3550 9524 3601 Krupp A.⸗G. Dr. Cuntz, Regierungsrat, Hilfsarbeiter im Mini⸗
8625 3597 9029 3647 ſterium des Innern.
5239 3755 5693 3805 1. Unterſuchungsſachen.
5235 3802 6438 3862 2. Aufgebote, Verluſt⸗ und Fundſachen, Zuſtellungen u. dergl.
5238 3849 6155 3902 3. Verkäufe, Verpachtungen, Verdingungen ꝛc.
5236 3894 5946 3943 4. Verloſung ꝛc. von Wertpapieren.
5235 3939 6439 3997 5. Kommanditgeſellſchaften auf Aktien u. Aktiengeſellſchaften.
6596 3768 8152 3946 Öffentlicher Anzeiger.
6684 3958 8062 4009 Anzeigenpreis für den Raum einer 5 geſpaltenen Einheitszeile 30 ₰.
8334 3780 9204 3827 6. Erwerbs⸗ und Wirtſchaftsgenoſſenſchaften.
8334 3825 9140 3873 7. Niederlaſſung ꝛc. von Rechtsanwälten.
8334 3869 9231 3922 8. Unfall⸗ und Invaliditäts⸗ ꝛc. Verſicherung.
8333 3914 8662 3961 9. Bankausweiſe.
8312 3958 9017 4007 10. Verſchiedene Bekanntmachungen.
5228 4097 6035 4188 1) Unterſuchungsſachen.
5205 4211 5349 4257 [24707]
5506 4209 5736 4255 Steckbrief.
5252 4254 6046 4303 Gegen den unten beſchriebenen Mus⸗
5205 4303 6046 4350 ketier Otto Rauch vom I. Erſ.⸗Batl.
5206 4348 6047 4395 Inf.⸗Regts. 149 in Schneidemühl, welcher
5206 4395 6046 4442 flüchtig iſt, iſt die Unterſuchungshaft
5204 4441 6046 4488 wegen unerlaubter Entfernung verhängt.
5205 4486 6046 4532 Es wird erſucht, ihn zu verhaften und in
5205 4532 6046 4573 die Militärarreſtanſtalt in Bromberg oder
5203 4578 6040 4624 an die nächſte Militärbehörde zum Weiter⸗
5202 4624 5622 4668 transport abzuliefern.
5249 4669 6045 4717 Beſchreibung: Alter: 20 Jahre, Größe:
5206 4717 6045 4762 1 m 62 cm, Haare: braun, Augen: braun,
5202 4762 6044 4808 Naſe: lang, gebogen, Geſichtsfarbe: ge⸗
5200 4806 6047 4854 ſund; Kleidung: grauer Waffenrock, graue
5200 4853 5298 4898 Hoſe.
5254 4899 5903 4945 Bromberg, den 14. Juli 1916.
5300 4945 5938 4990 Gericht der Landwehrinſpektion.
5200 5025 5342 5071 [24709]
5520 5026 5734 5070 Beſchluß.
5249 5071 6041 5118 In der Unterſuchungsſache gegen den
5200 5116 6043 5161 Tuchfabrikanten Ernſt Schiffmann in
5199 5162 6045 5206 Bodenheim und in Euskirchen wegen
5201 5208 6043 5254 Steuerhinterziehung wird gemäß §. 326
5199 5254 6040 5298 Str.⸗P.⸗O. das im Deutſchen Reich be⸗
5202 5299 6038 5345 findliche Vermögen des im Auslande ab⸗
5198 5345 6041 5392 weſenden Angeſchuldigten mit Beſchlag
5198 5390 5315 5433 belegt.
5245 5436 5797 5481 Bonn, den 17. Juli 1916.
5369 5483 5874 5528 Der Unterſuchungsrichter.
5290 5529 5746 5574 (L. S) Ausgefertigt:
5196 5573 6040 5620 Herrmann, Aſſiſtent, als Gerichtsſchreiber
5335 5619 5907 5665 des Königlichen Landgerichts.
5195 5702 5339 5747 [24706]
5372 5697 5968 5747 Beſchlagnahmeverſügung.
5238 5745 6036 5791 In der Unterſuchungsſache gegen den
5195 5790 6038 5835 Landſturmmann Valentin Käſtle der
5195 5836 6036 5882 3. Komp. 1. Landſt.⸗Inf.⸗Batls. Stockach
5195 5881 6037 5927 (XIV. 10.) wird auf Grund des § 360
5195 5927 6035 5970 M.⸗St.⸗G.⸗O. das im Deutſchen Reich
5194 5972 6032 6020 befindliche Vermögen des Käſtle mit Be⸗
5195 6020 5446 6066 ſchlag belegt.
5242 6065 5848 6109 Neubreiſach, 17. Juli 1916.
5273 6109 5957 6159 Kommandanturgericht Neubreiſach.
5193 6191 5338 6235 [24704]
5362 6190 5916 6237 Fahnenfluchtserklärung.
5243 6235 6033 6281 Simmel, Wolfgang, Loſtm, geb. 2. 2.
5194 6281 6030 6327 1882 zu Reinbach, B.⸗A. Bogen; Stad⸗
5193 6326 6033 6372 linger, Joſef, Serg., geb. 28. 2. 1878 zu
5189 6372 6033 6418 Kirchweidach, B.⸗A. Altötting, werden für
5190 6415 6032 6464 fahnenflüchtig erklärt (§ 360 M.⸗St.⸗G.⸗O.).
5240 6464 5801 6508 Regensburg, 18. 7. 1916.
5297 6508 5926 6554 Gericht der ſtv. 12. Inf.⸗Brig.
5190 6588 5335 6633 [24703]
5238 6633 6034 6678 Die am 16 3. 1916 gegen den Musketier
5189 6676 6034 6725 Martin Heinrich Janſen, geb. 17. 1 1890
5189 6722 6033 6770 in Wöhrden, erlaſſene Fahnenfluchts⸗
6089 4079 6919 4126 erklärung (veröffentlicht im Deutſchen
6087 4124 6920 4173 Reichsanzeiger am 20. 3. 1916 Nr. 78 088)
6088 4171 6369 4216 iſt aufgehoben.
6132 4218 6792 4264 Flensburg, den 17 Juli 1916.
6144 4263 6860 4310 Gericht der ſtellv. 35. Inf.⸗Brigade.
6087 4342 6231 4387 [24705]
6303 4344 6701 4390 Bekanntmachung.
6130 4387 6918 4435 Die gegen den Musketier Mathias
6087 4434 6915 4481 Welſch, geboren am 25. 6. 85 in Frau⸗
6087 4481 6915 4526 lautern, Kreis Saarlouis, unterm 15. Ok⸗
6087 4523 6918 4575 tober 1915 erlaſſene Fahnenfluchtserklärung
6086 4573 6916 4621 und Beſchlagnahmeverfügung wird aufge⸗
6087 4615 6203 4660 hoben.
6130 4664 6831 4708 Swinemünde, den 16. Juli 1916.
6282 4713 6719 4757 Kommandanturgericht.
6084 4789 6229 4834 [24708]
6393 4791 6609 4837 Beſchluß.
6129 4834 6917 4882 Der Beſchlagnahmebeſchluß gegen den
6085 4880 6918 4927 Matroſen Ernſt Meyer, früher an Bord
6087 4926 6913 4974 S. M. S. „Wittelsbach“, jetzt 4. Kom⸗
6083 4972 6917 5019 pagnie II. Matroſendiviſion, geboren am
6084 5017 6917 5062 6. November 1883 zu Stockum, wird
6082 5063 6915 5108 gemäß § 362 M.⸗St.⸗G.⸗O. hiermit
6081 5108 6916 5154 aufgehoben, da die der Beſchlaanahme⸗
6082 5155 6914 5200 verfügung vom 20 Februar 1903 zu⸗
6080 5201 6912 5248 grunde liegenden Vorausſetzungen weg⸗
6081 5245 6325 5291 gefallen ſind.
6124 5291 6904 5338 Wilhelmshaven, den 16. Juli 1916
6169 5337 6840 5384 Gericht der II. Marineinſpektion.
6089 5569 6903 5659 2) Aufgebote, Verluſt⸗ u.
6090 5657 6902 5749 Fundſachen, Zuſtellungen
6359 5750 6631 5837 u. dergl.
6076 5858 6219 5905 [19714]
6253 5857 6757 5906 Zwangsverſteigerung.
6116 5904 6905 5951 Im Wege der Zwangsvollſtreckung ſoll
6075 5949 6906 5995 das in Berlin belegene, im Grundbuche
6072 5995 6903 6042 von Berlin (Weddina) Band 63 Blatt 1501
6074 6041 6905 6089 zur Zeit der Eintragung des Verſteige⸗
6074 6087 6904 6131 rungsvermerks auf den Namen des Land⸗
6071 6132 6906 6178 wirts Auguſt Gruno zu Kaulsdorf an der
6073 6177 6905 6223 Oſtbahn eingetragene Grundſtück am
6073 6224 6905 6267 2. Oktober 1916, Vormittags
6075 6268 6905 6314 10 Uhr, durch das unterzeichnete Gericht,
6071 6313 6904 6360 an der Gerichtsſtelle, Brunnenplatz, Zimmer
6073 6359 6906 6404 Nr 30, 1 Treppe, verſteigert werden. Das
6073 6404 6907 6448 in Berlin, Kösliner Straße 21, belegene
6073 6449 6906 6492 Grundſtück enthält: a. Vorderwohnhaus
6072 6494 6905 6541 mit Hof und Abtritt, b Querwohngebäude,
6072 6539 6905 6586 c. Stallgebäude im 2. Hofe rechts, und
6075 6583 6905 6629 beſteht aus dem Trennſtück Kartenblatt 25
6072 6630 6903 6676 Parzelle 1594/181 von 5 a 07 qm Größe.
6073 6675 6903 6720 Es iſt in der Grundſteuermutterrolle und
6073 6721 6902 6767 Gebäudeſteuerrolle des Stadtgemeinde⸗
6958 4081 7791 4126 bezirks Berlin unter Nr. 3723 mit einem
6959 4126 7788 4173 jähr ichen Nutzungswert von 9140 ℳ ver⸗
6957 4174 7788 4219 zeichnet. Der Verſteigerungsvermerk iſt
6958 4218 7791 4264 am 28. Mai 1916 in das Grundbuch ein⸗
6959 4266 7129 4310 getragen.
7005 4311 7583 4354 Berlin, den 21 Juni 1916.
6958 4355 7789 4403 Königliches Amtsgericht Berlin⸗Wedding.
7249 4402 7500 4449 Abteilung 6.
6956 4492 7101 4537 [23567]
7125 4493 7791 4539 Aufgebot. 154. Gen. III. 27. 16/1.
7004 4538 7790 4582 Die nachbezeichneten Urkunden werden
6955 4584 7789 4632 auf den Antrag der nachgenannten Antrag⸗
6955 4629 7308 4675 ſteller aufgeboten:
7002 4675 7787 4719 1) die auf den Inhaber lautende Aktie
6954 4721 7788 4766 d r Wilmersdorfer Terrain Rheingau
6957 4767 7786 4811 Aktiengeſellſchaft in Berlin Nr. 1982 über
6955 4812 7784 4857 2000 ℳ, auf Ant ag des Kaufmanns
6955 4857 7783 4904 Moritz Treitel in Berlin, Dirckſenſtraße
6954 4905 7101 4947 Nr. 47,
6998 4949 7785 4994 2) zwei Blankoakzepte, das eine über
6954 4995 7784 5040 1560 ℳ, gezogen auf Ernſt Berner,
6955 5040 7784 5088 Berlin⸗Lichtenberg, Friedrichſtraße 6,
6953 5086 7783 5131 akzeptiert von Ernſt Berner, das andere
6954 5133 7782 5177 über 1530 ℳ, gezogen auf Emil Picken⸗
6954 5176 7782 5223 hagen in Berlin Lichtenberg, Scharnweber⸗
6952 5224 7779 5269 ſtraße 60, akzeptiert von Emil Picken⸗
6952 5267 7783 5314 hagen, im übrigen beide gleichlautend,
6950 5314 7778 5359 nämlich d. d. Berlin W. 66, den 21. Fe⸗
6951 5359 7780 5404 bruar 1916, zahlbar am 25. Mai 1916
6950 5404 7782 5450 bei Römbildt Heilbrunn Söhne A. G.,
6950 5450 7780 5497 Berlin W. 66, Leip igerſtraße 119/120,
6948 5496 7693 5542 auf Antrag der letztgenaanten Firma,
6993 5540 7780 5587 3) der Wechſel d. d. Berlin, den
6948 5585 7779 5633 11. Februar 1915 über 350 ℳ, fällig
6946 5632 7777 5677 am 20. April 1915, ausgeſtellt von
6945 5676 7779 5723 Lucie Kleemann mit Genehmigung des
6946 5724 7771 5769 Ehemanns P. Kleemann, gezogen auf
6947 5768 7776 5814 Paul Kleemann in Berlin, Oranien⸗
6946 5815 7776 5861 ſtraße 2 a, angenommen von Paul Klee⸗
6946 5859 7777 5909 mann, verſehen mit den Blankogiros
6947 5905 7776 5951 Lucie Kleemann, geb. Hilger, und Paul
6946 5949 7775 5995 Schwinge, auf Antrag des Malermeiſters
6946 5994 7775 6042 J. R. Niklentewicz in Berlin⸗L chterfelde,
6946 6041 7771 6088 Carlſtraße 1/2, vertreten durch die Rechts.
6942 6086 7775 6132 anwälte Juſtizrat Joßmann und Probſt
6950 6130 7745 6178 in Groß⸗Lichterfelde⸗Weſt, Carlſtraße 3,
6986 6177 7771 6223 4) die vom Reichsbankdirektorium aus⸗
6946 6223 7772 6270 geſtellten Zwiſchenſcheine zur 5 % igen
6946 6267 7770 6313 Deutſchen Reichsanleihe von 1914 Nrn
6944 6313 7772 6359 215 042, 215 043 und 215 044 über je
6943 6360 7772 6404 200 ℳ, auf Antrag der Frau verw.
6945 6402 7775 6450 C. Salbey in Erfurt, Skalitzerſtraße 64,
6944 6449 7772 6495 vertreten durch den Rechtsanwalt Burk⸗
6946 6494 7610 6541 hard in Er urt, Regierungsſtraße,
6987 6540 7770 6585 5) die vom Reichsbankdirektorium aus⸗
6943 6584 7770 6633 geſtellten Zwiſchenſcheine zur 5 % igen
6946 6631 7770 6674 Deutſchen Reichsanleihe von 1914 Nrn.
6941 6675 7771 6724 28 508 und 28 509 über je 200 ℳ, auf Antrag
6944 6721 7771 6768 a. des Milchhändlers Karl Wendt in Berlin,
7828 4088 8660 4135 b der Frau Sergeant Gertrud Schwenn,
7826 4133 8660 4181 geb Wendt, in Brandenburg, Flutſtraße 13,
7827 4180 8660 4226 c. des Schlächters Hermann Wendt in
7828 4223 8658 4272 Berlin⸗Lichtenberg. Herzbergſtraße 126,
7826 4271 8659 4318 d. des Kürſchners Fritz Wendt in Berlin⸗
7829 4315 8657 4364 Lichtenberg, O erſtraße 4, e des Kupfer⸗
7829 4361 8659 4408 ſchmieds. Auguſt Wendt in Trier, f des
7831 4406 8656 4454 Kaufmanns Emil Wendt in Nauen,
7828 4453 8654 4500 Lajarettſtraße 3, g. des Friſeurs Karl
7829 4498 8658 4545 Wendt in Salza bei Nordhauſen, h. des
7826 4544 8653 4589 Sattlers Max Wendt aus Nauen, ver⸗
7826 4591 8650 4637 treten durch ſeinen Pfleger, den Eiſenbahn⸗
7825 4634 8655 4682 arbeiter Paul Nöhl in Nauen, i des
7827 4680 8654 4727 Friſeurs Alex Wendt in Nauen, vertreten
7824 4727 8656 4773 durch ſeinen Pfleger, den Rentier Ladwia
7828 4772 8659 4820 Voß in Nauen, k. der Witwe H rmine
7824 4817 8655 4864 Wegener, geb. Wendt, in Nauen, 1. des
7823 4862 8655 4907 Rentiers Emil Wendt in Nauen, ſämtlich
7822 4911 8655 4954 vertreten durch den Rechtsanwalt Juſtizrat
7823 4954 8652 5002 Dr. Baumert in Spandau, Potsdamer⸗
7820 4999 8007 5045 ſtraße 46,
7867 5046 8656 5092 6) der 3 ½ % ige Anleiheſchein der Stadt
7823 5090 8654 5134 Berlin der Berliner Stadtanleihe von
7823 5137 8654 5180 1878 Buchſtabe N Nr. 56 675 über
7818 5183 8652 5226 500 ℳ, auf Antrag der Witwe Jenny
7822 5228 8649 5276 Pritzſche, geb. Paalzow, in Berlin, Berg⸗
7823 5273 8120 5319 mannſtraße 96.
7863 5320 8654 5364 7) der 3 ½ % ige Pfandbrief der
7817 5364 8648 5409 Preußiſchen Central⸗Bode credit⸗Aktien
7815 5410 8654 5454 geſellſchaft in Berlin Serie I Lit. C
7818 5457 8650 5502 Nr. 26 017 über 1000 ℳ der Pfandbrief⸗
7815 5501 8647 5547 anleihe von 1896, auf Antrag des König⸗
7815 5546 8648 5592 lich Preußiſchen Forſtmeiſters Wilhelm
7817 5592 8646 5636 Regling in Schorellen, vertreten durch die
7815 5636 8647 5684 Rechtsanwälte Juſtizrat Axſter und Hampt
7814 5683 8470 5727 in Berlin, Wilhelmſtraße 57/58,
7860 5728 8646 5773 8) der vom Reichsbankdirektorium in
7814 5772 8643 5819 Berlin ausgeſtellte Zwiſchenſchein zur
7812 5818 8644 5861 5 % Deutſchen Reichsanleihe von 1915
7816 5864 8643 5911 Nr. 347 309 über 2000 ℳ, auf Antrag
7811 5910 8640 5952 a. der Witwe Anna Schudlich, geb.
7813 5950 8643 5999 Schmidt in Berlin, Stallſchreiberſtraße 26,
7813 6000 8643 6046 b. des Gefangenaufſehers Edmund Schudlich
7809 6045 8306 6090 in Berlin, Seeſtraße 38,
7858 6091 8644 6138 9) die Aktie der landwirtſchaftlichen
7811 6135 8642 6180 Zentral⸗Darlehnskaſſe für Deutſchland
7809 6183 8643 6226 Nr. 3609 über 1000 ℳ, lautend auf den
7809 6227 8642 6273 Neu⸗Teklenburger Spar⸗ und Darlehns⸗
7809 6272 8641 6318 kaſſen⸗Verein e. G. m. u. H. zu Neu⸗
7808 6318 8539 6364 Teklenburg, auf Antrag des letzteren,
7856 6364 8641 6408 10) die 3 ½ % igen landſchaftlichen Central⸗
7809 6408 8640 6452 Pfandbriefe der Central Landſchaft für die
7809 6453 8638 6494 Preußiſchen Staaten Nrn. 212 729 über
7807 6499 8640 6542 3000 ℳ 222 668 über 500 ℳ und 354 510
7808 6544 8637 6590 üder 200 ℳ, auf Antrag der Frau Eliſabeth
7808 6591 8635 6634 von Rohr, geb. von Kathen, zurzeit in
7809 6634 8636 6681 Lankwitz, vertreten durch ihren vorläufigen
7810 6680 8640 6726 Vormund, den Major d'Alton Rauch in
7810 6725 8483 6774 Berlin, Königin⸗Auguſtaſtraße 29,
8743 4093 9524 4141 11) die 4 % Kommunalobligation vom
8699 4137 9524 4185 Jahre 1901 der Preußiſchen Central⸗
8700 4183 9522 4230 Bodencredit⸗Ak iengeſellſcha t in Berlin
8696 4228 9522 4280 Lit. F Nr. 836 üb r 100 ℳ auf Antrag
8702 4276 9522 4322 des Kaufmanns Heinrich Schneider in
8698 4319 9300 4369 Fulda, Viehmarktplatz Nr. 18,
8744 4367 9520 4413 12) der 3 ¾ prozentige Hypothekenpfand⸗
8694 4410 9522 4458 brief der Preußiſchen Pfandbrief⸗Bank in
8697 4456 9523 4503 Berlin Emiſſion 23 Lit. C Nr. 2385 über
8696 4503 9522 4549 1000 ℳ, auf Antrag des Telegraphen⸗
8693 4548 9520 4598 mechanikers Friedrich Stein in Saargemünd,
8695 4592 9060 4639 Blaubergweg 12 a,
8740 4640 9517 4689 13) die folgenden 5 auf Herrn Georg
8692 4683 9517 4732 Schwarz, Hoflieferanten, Berlin W. 8,
8694 4729 9522 4778 Friedrichſtraße 152 I, gezogenen, mit dem
8698 4777 9519 4823 Akzept, „Georg Schwarz“ verſehenen
8694 4821 9519 4868 Blankoakzepte d. d. Berlin, den 24. Mai
8696 4867 9517 4918 1916, nämlich: a. über 2000 ℳ, fällig
8690 4913 9518 4962 am 15. Juli 1916, b. über 2000 ℳ,
8691 4958 9518 5007 fällig am 25. Juli 1916, c. über 2000 ℳ,
8690 5003 9516 5051 fällig am 10. Auguſt 1916, d. über 2000 ℳ,
8691 5048 9515 5097 fällig am 23. Auguſt 1916, e. über 2340 ℳ
8690 5095 9517 5141 50 ₰, fällig am 28. Auguſt 1916, auf
8692 5140 9514 5190 Antrag des Hoflieferanten Georg Schwarz
8689 5185 9292 5232 in Berlin, Friedrichſtraße 152,
8738 5232 9514 5279 14) der vom Reichsbankdirektorium in
8691 5275 9514 5325 Berlin ausgeſtellte Zwiſchenſchein zur
8686 5323 9515 5369 5 % igen Deutſchen Reichsanleihe von
8688 5367 9512 5417 1915 Nr. 1 030 127 über 1000 ℳ,
8685 5412 9513 5462 auf Antrag der Gemeindeverwaltung in
8686 5457 9512 5508 Watternheim i. d. Pfalz, vertreten durch
8686 5503 9347 5551 den Bürgermeiſter Fuchs daſelbſt,
8733 5548 9509 5597 15) der vom Reichsbankdirektorium in
8686 5593 9511 5644 Berlin ausgeſtellte Zwiſchenſchein zur
8684 5640 9509 5689 5 % igen Deutſchen Reichsanleihe von
8684 5684 9513 5733 1915 Nr. 1 029 889 über 1000 ℳ, auf
8683 5730 9509 5777 Antrag des Landwirts Wilhelm Michel
8680 5775 9511 5824 in Knittelsheim i. d. Pfalz, Bezirksamt
8680 5819 8951 5866 Germersheim,
8727 5867 9507 5914 16) der vom Reichsbankdirektorium in
8680 5910 9506 5962 Berlin ausgeſt llte Zwiſchenſchein zur
8680 5959 9507 6007 5 % igen Deutſchen Reichs chatzanweiſung
8677 6004 9506 6049 von 1914 X. Nr. 73 893 über 100 ℳ,
8677 6047 9506 6097 auf Antrag des Buchhändlers Egon Pfeiffer
8680 6093 9425 6138 in Stuttgart, Heuſteigſtr. Nr. 37 III.
8725 6137 9505 6184 Die Inhaber der Urkunden werden auf⸗
8678 6184 9510 6231 gefordert, ſpäteſtens in dem auf den
8681 6230 9509 6277 13 Februar 1917, Vormittags
8679 6275 9506 6320 11 Uhr, vor dem unterzeichneten Gericht,
8677 6319 9507 6367 Neue Friedrichſtraße 13/14, III. Stockwerk,
8679 6364 9507 6411 Zimmer 143, anberaumten Aufgebotstermine
8677 6409 9504 6455 ihre Rechte anzumelden und die Urkunden
8675 6457 9505 6502 vorzulegen widrigenfalls die Kraftloserklä⸗
8676 6500 9332 6547 rung der Urkunden erfolgen wird.
8720 6545 9267 6593 Berlin, den 4 Juli 1916.
8697 6591 9471 6639 Königliches Amtsgericht Berlin⸗Mitte.
8942 6637 9230 6683 Abteilung 154.
