5000 7648
667 567 4102 916 Deutſcher Reichsanzeiger
2295 936 2444 1027 und
429 1061 4299 1430 Preußiſcher Staatsanzeiger.
640 1533 1601 1586 Der Bezugspreis beträgt vierteljährlich 9 ℳ.
514 1583 1726 1639 Alle Poſtanſtalten nehmen Beſtellung an; für Berlin außer
514 1635 1725 1690 den Poſtanſtalten und Zeitungsvertrieben für Selbſtabholer
515 1689 1723 1743 auch die Geſchäftsſtelle SW. 48, Wilhelmſtraße 32.
691 1749 1539 1800 Einzelne Nummern koſten 25 Pf.
2984 1548 4246 1603 Anzeigenpreis für den Raum einer 5 geſpaltenen Einheitszeile
2986 1589 4248 1638 50 Pf., einer 3 geſpalt. Einheitszeile 90 Pf. Außerdem wird auf
2982 1629 4244 1678 den Anzeigenpreis ein Teuerungszuſchlag von 20 v. H. erhoben.
3345 1692 3885 1731 Anzeigen nimmt an:
3091 1729 4135 1779 die Geſchäftsſtelle des Reichs⸗ und Staatsanzeigers
3197 1771 4027 1818 Berlin SW. 48, Wilhelmſtraße Nr. 32.
165 1867 597 1954 No. 268.
854 1885 1411 1961 Reichsbankgirokonto.
1721 1877 2941 1967 Berlin, Dienstag, den 12. November
3202 1909 4058 1969 Poſtſcheckkonto: Berlin 41 821.
4276 1900 4574 1981 1918.
499 2066 1226 2123 Inhalt des amtlichen Teils:
652 2143 1072 2200 Deutſches Reich.
159 2205 1582 2266 Aufruf, betreffend die Uebernahme der Geſchäfte durch die
205 2257 568 2309 neue Regierung.
159 2310 1582 2370 Aufruf, betreffend die Verpflegung der Truppen an der
207 2362 435 2414 Weſtfront.
157 2414 1137 2471 Aufruf zur Sicherung der Bahntransporte.
157 2460 1580 2528 Erlaß, betreffend die vorläufige Weiterführung der Geſchäfte
207 2519 1504 2579 durch die Staatsſekretäre und Chefs der Reichsbehörden.
155 2571 1186 2629 Erlaß, betreffend Schutz der Kohlenwirtſchaft.
152 2623 1324 2683 Bekanntmachung, betreffend Ausfuhrerleichterungen.
155 2674 1574 2736 Bekanntmachung über die Bildung von Wohnungsverbänden.
157 2729 1576 2789 Abänderung der Beſtimmungen der Riemen⸗Freigabe⸗Stelle
203 2780 1575 2834 für die Herſtellung und den Vertrieb von Treibriemen und
203 2832 1575 2894 ſonſtigen unter die Zuſtändigkeit der Riemen⸗Freigabe⸗Stelle
202 2884 610 2937 fallenden Artikeln.
150 2937 1573 3000 Anzeige, betr. Ausgabe der Nr. 150 des Reichs⸗Geſetzblatts.
669 3028 1064 3083 Erſte Beilage:
154 3087 1572 3151 Ueberſicht der Prägungen von Reichsmünzen in den deutſchen
197 3142 1046 3193 Münzſtätten bis Ende Oktober 1918.
148 3193 1571 3255 Bekanntmachung der Reichsſtelle für Gemüſe und Obſt, be⸗
198 3242 1571 3312 treffend amtliche Vertragsmuſter für Lieferungsverträge über
198 3297 1569 3360 Frühgemüſe und über Herbſtgemüſe aus der Ernte 1919,
197 3351 1570 3413 über das Verzeichnis der Sperrgebiete, in denen ſich die
199 3402 1567 3465 Reichsſtelle für Gemüſe und Obſt die alleinige Abſchließung
192 3456 1567 3518 von Lieferungsverträgen über Herbſtgemüſe vorbehalten hat,
196 3504 1157 3573 und betreffend die Schiedsgerichtsordnung.
729 3598 972 3653 Preußen.
146 3666 1567 3725 Aufruf des Vollzugsrats des Arbeiter⸗ und Soldatenrats über
191 3723 1565 3788 die Fortführung der Dienſtgeſchäfte der kommunalen, Landes⸗,
190 3775 860 3832 Reichs⸗ und Militärbehörden.
138 3824 1273 3890 Bekanntmachung, betreffend unberechtigte Aufrufe.
138 3879 1562 3945 Bekanntmachung, betreffend die Lebensmittelverſorgung Groß
189 3928 355 3988 Berlins
139 3984 975 4046 Aufhebung einer Zwangsverwaltung.
653 4208 1041 4300 Amtliches.
515 4330 1146 4394 Deutſches Reich.
692 4422 997 4477 Aufruf.
235 4481 1552 4543 Die neue Regierung hat die Führung der Geſchäfte über⸗
133 4539 1554 4596 nommen, um das deutſche Volk vor Bürgerkrieg und Hungers⸗
131 4590 1551 4648 not zu bewahren und ſeine berechtigten Forderungen auf Selbſt⸗
129 4639 1551 4701 beſtimmung durchzuſetzen. Dieſe Aufgabe kann ſie nur erfüllen,
128 4693 1552 4754 wenn alle Behörden und Beamten in Stadt und Land ihr
132 4743 633 4799 hilfreiche Hand leiſten.
229 4798 1550 4856 Ich weiß, daß es vielen ſchwer werden wird, mit den
127 4853 1549 4911 neuen Mä nern zu arbeiten die das Reich zu leiten unter⸗
127 4904 1549 4962 nommen haben, aber ich appelliere an ihre Liebe zu unſerem
128 4951 1548 5014 Volke. Ein Verſagen der Organiſation in dieſer ſchweren
126 5004 1548 5069 Stunde würde Deutſchland der Anarchie und dem ſchrecklichſten
125 5056 500 5110 Elend ausliefern.
226 5113 1546 5173 Helft alſo mit mir dem Vaterlande durch furchtloſe und
124 5161 1546 5224 unverdroſſene Weiterarbeit ein jeder auf ſeinem Poſten, bis
127 5213 1029 5276 die Stunde der Ablöſung gekommen iſt.
224 5279 948 5336 Berlin, den 9. November 1918.
516 5348 1151 5402 Der Reichskanzler. Ebert.
699 5505 952 5550 An Alle!
209 5559 1541 5626 Die Verpflegung unſerer Kameraden an der Weſtfront
121 5605 1541 5678 iſt in größter Gefahr. Gerade im gegenwärtigen Augenblick
121 5664 1542 5730 muß ſie unbedingt aufrecht erhalten werden. Das ſind wir
121 5716 750 5777 unſeren Kameraden ſchuldig.
219 5772 1539 5835 Jede Plünderung oder Beſchlagnahme ruhender oder auf
121 5816 1538 5887 dem Transport befindlicher Verpflegungs⸗ und Futtermittel,
120 5868 1539 5938 die für das Feldheer beſtimmt ſind, jede Ablenkung oder Ver⸗
120 5925 1538 5990 zögerung von Transporten, jede Unterbrechung der Verlade⸗
122 5980 1537 6041 arbeiten bei den bisher mit dem Verpflegungsnachſchub be⸗
119 6027 1538 6094 trauten militäriſchen Stellen muß daher unter allen Umſtänden
118 6083 381 6129 unterbleiben.
215 6136 1348 6197 Setzt Euch mit aller Kraft für dieſe Aufgabe ein.
209 6199 958 6256 Berlin, den 10. November 1918.
622 6269 1037 6323 Der Reichskanzler.
737 6321 909 6364 Ebert.
335 6474 1306 6536 An die Arbeiter⸗ und Soldatenräte.
213 6536 1535 6594 Das Volk muß verhungern, wenn der Bahntransport
120 6582 1533 6644 geſtört wird. Das geſchieht aber durch jeden Eingriff un⸗
117 6633 1534 6698 zuſtändiger Stellen in den Bahnbetrieb und die Bahnver⸗
118 6687 301 6746 waltung.
1758 2073 3078 2127 Geſtern ſind an verſchiedenen Orten von Arbeiter⸗ und
1650 2126 3079 2185 Soldatenräten ſolche Eingriffe vorgenommen worden, z. B. in
1650 2178 3077 2236 den Betrieb von Rangierbahnhöfen und in die Kaſſenführung
1649 2230 3075 2283 von Bahnſtationen. Das darf nicht wieder vorkommen!
1648 2282 3079 2339 Wiederholungen müſſen zur Arbeitsverweigerung unſerer braven
1644 2332 3076 2395 Eiſenbahner und zum Stillſtand jedes geregelten Bahnverkehrs
1645 2384 1802 2443 führen.
1755 2451 2506 2504 Berlin, den 10. November 1918.
2158 2529 2576 2585 Der Reichskanzler.
2274 2594 2434 2640 Ebert.
1753 2724 3075 2785 Die Staatsſekretäre und die Chefs der Reichs⸗
1644 2776 3074 2836 behörden ſind von der Reichsregierung mit der vorläufigen
1643 2828 3072 2885 Weiterführung der Geſchäfte beauftragt worden.
1643 2882 3073 2940 Das Eindringen unbefugter Perſonen in die Geſchäftsräume
1642 2934 3073 2995 der Reichsbehörden und die Uebernahme amtlicher Geſchäfte
1642 2986 2539 3042 durch ſolche Perſonen iſt nicht geſtattet.
1750 3050 2489 3104 Berlin, den 11. November 1918.
2125 3128 2594 3183 Die Reichsregierung.
2051 3192 2224 3241 Ebert.
2499 3194 2667 3248 Haaſe.
1745 3309 3078 3374 Die Kohlenwirtſchaft iſt ebenſo wichtig und gefährdet
1639 3365 3066 3426 wie die Lebensmittelwirtſchaft. Die Kohlennot wird trotz Ab⸗
1638 3416 3065 3476 ſtellung der Kriegswirtſchaft unverändert groß bleiben, ſchon
1639 3472 3067 3531 wegen der Verkehrsſchwierigkeiten. Die Aufrechterhaltung der
1636 3522 3066 3578 Kohlenwirtſchaft iſt abhängig von dem geordneten Weiter⸗
1637 3576 3064 3635 arbeiten der Orga iſation. Die ö tlichen Organe ſind: für den
1637 3627 3061 3685 Hausbrand die Städte und Kommunalverbände für Gas,
1636 3678 3065 3740 Waſſer, Elektrizität und die Kohlenverſorgung der Fabriken die
1633 3732 3060 3787 Kohlenabteilungen und Elektrizitätsabteilungen bei den bis⸗
1636 3784 3062 3845 herigen Kriegsamtsſtellen. Dieſe ſind bereits angewieſen, nach
1633 3836 2776 3894 Geſichtspunkten der Friedenswirtſchaft zu arbeiten.
1746 3890 3062 3947 Die Arbeiter⸗ und Soldatenräte, überhaupt alle durch den
1634 3942 3060 4000 Uebergang der Regierungsgewalt in die Hände des Volkes
1634 3995 3059 4053 entſtandenen politiſchen Organe werden aufgefordert, in die be⸗
1634 4047 3059 4107 ſtehende Organiſation der Kohlenwirtſchaft nicht einzugreifen,
1631 4100 3059 4157 ſondern deren etwa erforderliche Umgeſtaltung der zent alen
1631 4151 3059 4210 Volksregierung zu überlaſſen. Nur ſo kann das ſchwerſte
1631 4205 3058 4266 Unheil von dem Volke und dem zurückkehrenden Heere abge⸗
1630 4258 1967 4302 wendet werden.
1736 4321 2479 4377 Berlin, den 11. November 1918.
2111 4388 2276 4438 Ebert.
2400 4389 2583 4445 Haaſe.
1953 4544 2727 4601 Ausfuhrerleichterungen
1706 4608 2972 4668 für Waren des Abſchnitts VIII des Zolltarifs.
1732 4685 3051 4743 Der Reichskommiſſar für Aus⸗ und Einfuhrbewilligung
1623 4736 3052 4793 hat mit Wirkung vom 12. November 1918 ab die nachſtehenden
1624 4790 3051 4848 Ausfuhrerleichterungen für Waren des VIII. Abſchnitts des
1621 4841 2026 4896 Zolltarifs verfügt.
1720 4906 3049 4955 1) Die Zollſtellen werden ermächtigt, Waren des Abſchnitts VIII
1622 4953 3048 5007 des Zolltarifs (Geflechte und Flechtwaren aus pflanzlichen Stoffen
1621 4999 3047 5048 mit Ausnahme der Geſpinſtfaſern), ſoweit deren Ausfuhr verboten
1620 5046 3046 5099 iſt, bis auf weiteres ohne Ausfuhrbewilligung zur Ausfuhr zuzulaſſen.
1715 5104 3048 5156 2) Waren des Abſchnitts VIII des Zolltarifs, deren Durchfuhr
1619 5151 3046 5204 verboten iſt, ſind auch künftig nur auf Grund einer Durchfuhr⸗
1620 5198 2384 5248 bewilligung zur Durchfuhr zuzulaſſen.
1939 5302 2720 5359 Ausfuhrerleichterungen
1715 5365 2934 5425 für Waren des Abſchnitts IX des Zolltarifs.
1724 5442 3040 5501 Der Reichskommiſſar für Aus⸗ und Einfuhrbewilligung
1616 5493 3040 5553 hat mit Wirkung vom 12. November 1918 ab die nachſtehenden
1615 5547 3039 5604 Ausfuhrerleichterungen für Waren des IX. Abſchnitts des
1613 5599 2024 5654 Zolltarifs verfügt.
1710 5661 3039 5713 1) Die Zollſtellen werden ermächtigt, Waren des Abſchnitts IX
1612 5709 3037 5766 des Zolltarifs (Beſen, Bürſten, Pinſel und Siebwaren), ſoweit deren
1613 5755 3038 5810 Ausfuhr verboten iſt, bis auf weiteres ohne Ausfuhrbewilligung zur
1613 5801 2033 5849 Ausfuhr zuzulaſſen.
1705 5855 3038 5916 2) Waren des Abſchnitts IX des Zolltarifs, deren Durchfuhr
1610 5906 3036 5961 verboten iſt, ſind auch künftig nur auf Grund einer Durchfuhr⸗
1611 5954 2425 6004 bewilligung zur Durchfuhr zuzulaſſen.
1889 6052 2762 6111 Ausfuhrerleichterungen
1661 6119 2984 6181 für Waren des Abſchnitts XIII des Zolltarifs.
1717 6194 3036 6258 Der Reichskommiſſar für Aus⸗ und Einfuhrbewilligung
1608 6246 3037 6306 hat mit Wirkung vom 12. November 1918 ab die nach⸗
1609 6297 3038 6356 ſtehenden Ausfuhrerleichterungen für Waren des XIII. Ab⸗
1609 6350 2299 6409 ſchnitts des Zolltarifs verfügt:
1707 6413 3037 6472 1) Die Zollſtellen werden ermächtigt, Waren des Abſchnitts XIII
1609 6461 3035 6516 des Zolltarifs (Waren aus Steinen oder anderen mineraliſchen Stoffen
1607 6501 3039 6561 [mit Ausnahme der Tonwaren] ſowie aus foſſilen Stoffen), ſoweit
1603 6552 3041 6611 deren Au fuhr verboten iſt, bis auf weiteres ohne Ausfuhrbewilligung
1609 6597 3036 6654 zur Ausfuhr zuzulaſſen, ſoweit nicht Ziffer 2 etwas anderes beſtimmt.
1702 6655 3036 6713 2) Nur mit Ausfuhrbewilligung ſind auch fernerhin die folgenden
1609 6702 2989 6763 Waren des Abſchnitts XIII des Zolltarifs zur Ausfuhr zuzulaſſen:
4235 2100 4555 2140 Ausfuhrnummern
4248 2142 4546 2181 des Statiſtiſchen
4210 2180 4560 2224 Warenverzeichniſſes
3200 2221 4300 2276 Papier und Pappe aus Aſbeſt, in Bogen, Rollen
3293 2270 4300 2322 oder Platten, auch mit Einlagen von Draht
3293 2317 4297 2365 oder Drahtgeflecht aus unedlen Metallen oder
3291 2360 4290 2418 Legierungen unedler Metalle, ungeformt (un⸗
3268 2408 4296 2469 beſchnitten oder nur rechtwinklich beſchnitten);
3292 2454 4294 2510 geformt, auch durchlocht; Aſbeſtzementplatten
3292 2501 4470 2556 (Fiberzementplatten, Aſbeſtzementſchiefer) 705
3197 2545 4295 2598 Garne, Schnüre, Stränge, Stricke und Seile aus
3291 2594 4293 2647 Aſbeſt, auch in Verbindung mit anderen Spinn⸗
3290 2639 4294 2691 ſtoffen oder mit einer Seele aus unedlem Metall
3290 2686 4498 2742 (mit Ausnahme der Dichtungsſchnüre) 706
3197 2732 4293 2790 Gewebe aus Aſbeſt (mit Ausnahme der Aſbeſt⸗
3287 2780 4295 2837 kautſchukgewebe [708]), auch in Verbindung mit
3289 2829 4294 2877 anderen Spinnſtoffen oder mit Kette oder Ein⸗
3286 2874 4293 2924 ſchlag von Draht aus unedlen Metallen oder
3284 2920 4293 2974 Legierungen unedler Metalle ſowie Platten dar⸗
3287 2968 4481 3023 aus (Aſbeſttuchplatten) 707
3191 3012 4290 3067 Klingerit, Keſſelbekleidungen, Dichtungsplatten, ⸗ringe
3288 3063 4290 3115 und anderweit nicht genannte Waren aus Aſbeſt,
3287 3106 4288 3160 Aſbeſtpapier oder Aſbeſtgewebe (Aſbeſtkautſchuk⸗
3284 3156 4288 3211 gewebe, Handſchuhe, Kleider, Masſen, Mützen,
3285 3200 4289 3257 Sch äuche, Schuhe aus Aſbeſtgeweben); alle dieſe
3285 3248 4287 3303 W ren auch in Verbindung mit anderen Stoffen,
3286 3295 4291 3343 ſoweit ſie nicht dadurch unter andere Nummern
3279 3336 3399 3388 fallen
4388 3352 4455 3391 708
3236 3394 4563 3457 3) Waren des Abſchnitts XIII des Zolltarifs, deren Durch⸗
3140 3445 4563 3504 fuhr verboten iſt, ſind auch künftig nur auf Grund von Durchfuhr⸗
3139 3492 3982 3542 bewilligungen zur Durchfuhr zuzulaſſen.
3462 3594 4244 3651 Ausfuhrerleichterungen
3211 3659 4487 3723 für Waren des Abſchnitts XIV des Zolltarifs.
3244 3730 4561 3800 Der Reichskommiſſar für Aus⸗ und Einfuhrbewilligung
3138 3788 4562 3851 hat mit Wirkung vom 12. November 1918 ab die nachſtehenden
3137 3841 4561 3902 Ausfuhrerleichterungen für Waren des XIV. Abſchnitts des
3134 3893 3539 3948 Zoll arifs verfügt.
3233 3958 4560 4012 1) Die Zollſtellen werden ermächtigt, Waren des Abſchnitts XIV
3135 4005 4560 4062 des Zolltarifs (Tonwaren), ſoweit deren Ausfuhr verboten iſt, bis
3135 4051 4444 4108 auf weiteres ohne Ausfuhrbewilligung zur Ausfuhr zuzulaſſen.
3228 4107 4560 4169 2) Waren des Abſchnitts XIV des Zolltarifs, deren Durchfuhr
3133 4156 4557 4215 verboten iſt, ſind auch künftig nur auf Grund von Durchfuhr⸗
3133 4204 3998 4255 bewilligungen zur Durchfuhr zuzulaſſen.
3458 4309 4240 4369 Ausfuhrerleichterungen
3197 4373 4492 4438 für Waren des XIX. Abſchnitts des Zolltarifs.
3235 4449 4561 4514 Der Reichskommiſſar für Aus⸗ und Einfuhrbewilligung
3129 4502 4556 4566 hat mit Wirkung vom 12. November 1918 ab die nach⸗
3129 4555 4553 4612 ſtehenden Ausfuhrerleichterungen für Waren des XIX. Ab⸗
3127 4607 3818 4662 ſchnitts des Zolltarifs verfügt.
3224 4671 4553 4726 1) Die Zollſtellen werden ermächtigt, Waren des Abſchnitts XIX
3128 4719 4554 4775 B. C, D des Zolltarifs (Uhren, Tonwertzeuge, Kinderſpie zeug) ſoweit
3127 4765 4552 4824 deren Ausfuhr verboten iſt, bis auf weiteres ohne Ausfuhrbewilligung
3124 4807 4552 4863 zur Ausfuhr zuzulaſſen, ſoweit nicht Ziffer 2 etwas anderes be⸗
3122 4856 3267 4907 immt.
3217 4916 4551 4971 2) Nur mit Ausfuhrbewilligung ſind auch fernerhin die folgenden
3125 4964 4549 5023 Waren des Abſchnitts XIX C des Zolltarifs zur Ausfuhr zuzulaſſen:
3168 5011 3889 5052 Klaviermechaniken und K aviaturen
3263 5058 4472 5115 Ausfuhrnummer 940 des Statiſtiſchen Warenverzeichniſſes.
3216 5111 4549 5172 3) Waren des Abſchnitts XIX, B, C, D des Zolltarifs, deren
3121 5155 4549 5214 Durchfuhr verboten iſt, ſind auch künftig nur auf Grund von
3121 5208 4143 5260 Durchfuhrbewilligungen zur Durchfuhr zuzulaſſen.
3499 5371 4192 5431 Bekanntmachung
3239 5435 4443 5494 über die Bildung von Wohnungsverbänden.
3539 5513 4117 5561 Vom 7. November 1918.
3220 5587 4546 5652 Der Bundesrat hat auf Grund des § 3 des Geſetzes über
3116 5641 4547 5694 die Ermächtigung des Bundesrats zu wirtſchaftlichen Maß⸗
3114 5693 4559 5758 nahmen uſw. vom 4. Auguſt 1914 (Reichs⸗Geſetzbl. S. 327)
3114 5745 3803 5799 folgende Verordnung erlaſſen:
3800 5823 3872 5870 § 1
3208 5879 4544 5938 Gemeinden, Gutsbezirke und Gemeindeverbände können ſich zur
3112 5925 4542 5988 Vorbereitung und Durchführung von Notmaßnahmen zur Bekämpfung
3111 5974 4545 6032 des Wohnungsmangels zu Verbänden (Wohnungsverbänden) mit
3112 6020 4014 6071 ſtaatlicher Genehmigung zuſammenſchließen.
3798 6091 3872 6138 § 2
3207 6146 4544 6208 Gemeinden, Gutsbezirke und Gemeindeverbände, die räumlich
3113 6193 4543 6256 oder wirtſchaftlich zuſammengehören, können auch durch Anordnung
3111 6240 4543 6299 der Landeszentralbehörde zu Wohnungsverbänden (§ 1) zuſammen⸗
3112 6286 3506 6335 geſchloſſen werden.
3777 6318 3909 6386 § 3
3208 6391 4541 6451 Die Landeszentralbehörden erlaſſen nach Anhörung der Be⸗
3112 6438 4542 6496 teiligten die Beſtimmungen zur Ausführung dieſer Verordnung. Sie
3112 6484 4541 6545 beſtimmen insbeſondere darüber, was als Gemeinde, Gutsbezirk und
3113 6531 4542 6589 Gemeindeverband im Sinne dieſer Verordnung anzuſehen iſt, wie die
3113 6577 4543 6638 Verfaſſung der Wohnungsverbände und ihre Verwaltung zu regeln
3112 6624 4547 6683 iſt, wie ſie ihren Geldbedarf aufzubringen haben, und von welcher
3112 6670 4542 6739 Behörde die ſtaatliche Genehmigung zur Begründung und Auflöſung
3112 6716 3709 6766 der Verbände zu erteilen iſt.
