10152 7768
601 348 1475 428 Inh.: 1 baumw. Tropenanzug, 3 baumw.
603 408 1466 468 Hoſen, 1 Paar Wickelgamaſchen, 2 Sparr⸗
605 457 745 503 gürtel.
654 504 1466 563 Nr. 324; Empſänger: Ricke & Co.,
598 547 1466 609 Karibib; Abſender: Nahs. Becker, Bir⸗
601 597 1370 652 mingham; Inh.: 36 lederne Sportg.
647 642 1466 703 Nr. 566; Empfänger: Peed, Omaruru;
599 688 1466 745 Abſender: Dyeß Bugiag Agepey, London;
600 735 1461 790 Inh.: 2 Paar Fußballſchuhe, 5 Paar
602 781 1199 834 Socken, 1 Doſe Schuhkreme.
647 827 1455 883 Nr. 445; Empfänger: Lammer, Neu
599 872 1459 930 Moſeki; Abſender: Agercy, Manchener;
603 923 1460 976 Inh.: 4 Kopfkiſſenbez., 2 Kopfkiſſenbez.,
600 970 1304 1021 1 Ueberdecke, 5 m baumw. Stoff.
655 1016 1457 1064 Nr. 947; Empfänger: Lammer, Neu
601 1057 1452 1112 Moſeki; Abſender: Dyeß Buging Agency,
602 1106 1460 1160 Mancheſter; Inh.: 2 Gerſtenkornband⸗
601 1153 1455 1207 tücher, 1 Reithoſe, 1 Djakianzug, 1 Paar
602 1199 1449 1254 Kateſtrümpfe, 2 Paar Kinderſtrümpfe,
598 1245 1272 1298 2 Männerhemden, 1 Gradhalter,
644 1293 1454 1342 welche auf dem Bahnpoſtamt X in
599 1337 1451 1389 Cöln enteignet wurden, ſoll am 22. No⸗
596 1385 1450 1439 vember 1918. Vormitttags 10 ¼ Uhr,
594 1432 1456 1487 vor dem Reichsſchiedsgericht für Kriegs⸗
596 1476 1444 1529 wirtſchaft in Berlin SW. 61, Gitſchiner⸗
600 1521 1445 1575 ſtraße 97, I. Obergeſchoß, verhandelt
592 1569 1445 1624 werden. Der unbekannte Eigentümer wirt
594 1615 1444 1667 hiervon benachrichtigt. In dem Termin
594 1663 1444 1714 wird verhandelt und entſchieden werden,
593 1707 1445 1760 auch wenn der Eigentümer nicht vertreten
595 1753 800 1801 ſein ſollte.
644 1800 1312 1850 Berlin, den 4. November 1918.
614 1845 1421 1905 Reichsſchiedsgericht für Kriegswirtſchaft.
592 1963 746 2010 [48474]
641 2010 1441 2061 Zur Feſtſetzung des Uebernahmepreiſes
592 2057 1439 2109 für nachſtehende als Kriegsbedarf ent⸗
585 2104 1005 2150 eignete Gegenſtände:
634 2152 1436 2202 I. a. II e AV. 2752/18. 5 Ballen holz⸗
589 2194 1431 2246 freies Schreibpapier, gereichnet J. F. G.
583 2242 1433 2296 175/9, Reingewicht 1189 kg, enteignet
581 2288 1434 2340 bei Anton Günther, Hamburg, vermutlich
585 2334 1432 2389 Paul M. Vandenhorck, Paris, gehörig;
627 2383 1429 2437 b. II e AV. 2476/18. 2 Kiſten, ge⸗
583 2424 1431 2481 zeichnet F. H. & Co. 10 705/6, ent⸗
581 2473 1433 2529 haltend Präparatengläſer, enteignet bei
581 2519 1429 2573 Julius Rubert in Hamburg, Eigentümer
575 2567 1428 2623 vermutlich Baird & Tailock Lib.,
578 2612 737 2660 London;
619 2663 1430 2715 c. II e AV. 2474/18. 50 kg blaues
576 2705 1422 2759 Packpapier, 77 x 100 cm, gezeichnet B. R.
576 2753 1425 2810 2415, enteignet bei Joh. Ick, Hamburg,
571 2800 1425 2857 verſandt von The International Leather
571 2846 1427 2900 Co. Lid. in Leeds für B. Rones in
567 2892 1420 2948 Warſchau durch Thos, Wilſon Co.,
564 2938 689 2987 Hull;
614 2989 1424 3038 d II e AV. 2612/18. 9 Ballen Well⸗
571 3034 1418 3088 pappe, 8⁄5 kg, gezeichnet O. R. W. 50/58,
566 3078 1422 3134 Eigentümer vermutlich Lehnert & Land⸗
567 3126 882 3173 rock in Tunis;
610 3175 1426 3227 e. II e AV. 2506/18. 1) 1450 Stück
562 3214 1420 3280 kieferne Sleepers 12/12; 2) 3670 desgl.
568 3265 1416 3321 10/10, 3) 60 desgl. 10/5, Eigentümer zu
564 3311 1413 3367 1) vermutlich Charles Calder & Co.,
564 3357 1415 3415 London, zu 2 und 3 Butt, Boutton &
569 3406 1100 3455 Haywood Lid., London;
613 3453 1414 3503 II. f II e AV. 1920/18. 1 Sack Erd⸗
569 3497 1416 3554 wachs, gezeichnet F/S. 387, Gewicht 50 kg,
565 3543 1414 3601 verſandt im Auftrage von Dr. Fritz
569 3588 1422 3649 Glias von Adolph Koch, Berlin, an
571 3635 1108 3685 Nicolai Seeberg. Riaa;
615 3680 1413 3738 III. g II e AV. 3080/18. 1 Faß
564 3724 1413 3785 Olivenöl, 143 5 kg Roh⸗, 98,180 kg
565 3772 1413 3828 Reingewicht, Nr. 6499 verſandt von
563 3818 1409 3878 Auguſte Gaillard Fils, Marſeille,
556 3866 1413 3921 durch Joh. Ick, Danzig, an Heuryt
557 3911 1408 3971 Lilpop & Co, Warſchau, für W. A.
557 3958 1085 4010 Grochowski, Warſchau;
602 4007 1409 4059 IV. h II e AV. 1288/18. 1 Sack und
550 4050 1410 4107 2 Faß amerikaniſches Harz, Reingewicht
551 4098 1411 4153 328,5 kg, im Beſitz der deutſchen Levante⸗
551 4144 881 4192 Linie, Hamburg,
597 4193 1401 4246 wird am 26. November 1918,
550 4236 1404 4296 Vormittags zu I 10 Uhr, zu II 10 ½,
545 4287 1411 4340 zu III 11 ½ Uhr, IV 12 Uhr, vor
546 4330 1403 4386 dem Reichsſchiedsgericht für Kriegswirt⸗
552 4375 1404 4433 ſchaft in Berlin SW. 61, Gitſchiner⸗
552 4422 1411 4478 ſtraße 97, verhandelt werden. Die
552 4467 1406 4523 früheren Eigentümer werden hiervon
547 4514 1407 4571 benachrichtigt. Verhandlung und Ent⸗
551 4560 1406 4618 ſcheidung erfolgt, auch wenn ſie im
549 4607 1116 4660 Termin nicht vertreten ſind.
599 4655 1277 4707 Berlin, den 2. November 1918.
572 4701 1372 4758 Reichsſchiedsgericht für Kriegswirtſchaft.
540 4804 700 4854 [48475]
587 4853 1406 4912 Zur Feſtſetzung des Uebernahmepreiſes
546 4898 1405 4955 für die einem unbekannten Eigentümer ge⸗
543 4944 1398 4998 hörigen und bei der öffentlichen Zellnieder⸗
546 4991 1401 5045 lage in Metz enteigneten 3,5 kg Maſchinen⸗
542 5038 1397 5092 teile aus Meſſingguß ſoll auf Anordnung
544 5085 1402 5138 des Herrn Präſidenten am 5. Dezember
540 5132 1397 5184 1918, Vormittags 11 Uhr, vor dem
540 5177 1395 5229 Reichsſchiedsgericht für Kriegswirtſchaft in
541 5227 1392 5279 Berlin SW. 61. Gitſchiner Straße 97,
539 5271 1398 5323 2. Obergeſchoß, verhandelt werden. Der
537 5317 1396 5370 unbekannte Einentümer wird hiervon be⸗
541 5365 1394 5418 nachrichtigt. In dem Termin wird ver⸗
540 5410 1390 5461 handelt und entſchieden werden, auch wenn
535 5456 1110 5506 er nicht vertreten ſein ſollte.
560 5502 1361 5554 Reichsſchiedsgericht für Kriegswirtſchaft.
538 5608 692 5653 [48476]
575 5653 1393 5707 Zur Feſtſetzung des Uebernahmepreiſes für
576 5701 1387 5752 a. 1 Kiſte Schneidewerkzeuge, gez.
530 5744 1391 5797 S. G. C. 1, 1 Kiſte Zugmeſſer, gez. L. 70
530 5793 1386 5844 E. C. R., 1 Kiſte Sägen, geſ. U. 2, an⸗
534 5838 1389 5891 geblich Ward & Payne in Sheffield
529 5886 686 5933 gehörig,
573 5930 1386 5984 b. 1 Kiſte Bruſtleiern, gez. E. B. L. 1,
529 5979 1386 6031 und 541 kg Schaufeln, gez. R. 55, angeb⸗
529 6022 1383 6076 lich Spear & Jackſon Ltd. in Sheffield
528 6070 683 6122 gehörig,
578 6118 1380 6169 a. und b. bei Johannes Ick in Danzig
533 6163 1383 6214 enteignet, ſoll am 18. November
529 6209 1382 6261 1918 Vormittags 11 ½ Uhr, vor dem
526 6251 1374 6307 Reichsſchiedsgericht für Kriegswirtſchaft,
530 6300 1377 6354 in Berlin SW. 61, Gitſchinerſtraße 97,
528 6346 1383 6398 II. Obergeſchoß, verhandelt werden. Die
524 6393 1377 6446 angeblichen Eigentümer werden hiervon be⸗
524 6430 1379 6489 nachrichtigt. In dem Termin wird ver⸗
528 6485 1380 6542 handelt und entſchieden werden, auch
527 6531 1258 6578 wenn ſie nicht vertreten ſein ſollten.
549 6572 1353 6633 Reichsſchiedsgericht für Kriegswirtſchaft.
1495 375 1659 429 [48477]
1548 427 2355 481 Zur Feſtſetzung des Uebernahmepreiſes
1491 469 1583 520 für:
1544 518 2346 571 I. a. (II e. AV. 3500/18) 1 Kiſte,
1501 565 2351 615 Inhalt 13 Paar Herrenſtiefeletten mit
1505 614 2340 669 Gummizug, Eigentümer Church & Co.,
1491 658 1790 702 Northampton;
1543 705 2350 756 b. (II e. AV. 4124. 18) 27 Paar neue
1495 749 2338 801 Herrenſtiefel, vermutlicher Eigentümer
1493 797 2209 849 Edward Brothers in Liverpool;
1538 845 2341 895 c. (II e. AV. 3240/18) 3 Pakete, ent⸗
1490 889 2345 941 haltend 9,6 kg Gerbſäuren, Abſender
1497 937 2345 988 Bourgoya Burbidges & Co., London
1488 983 2240 1035 — Empfänger John Stolt, Kribi;
1536 1032 2338 1082 d. (II e. AV. 4126/18) 712 Haut
1492 1073 2335 1126 Vacheleder, 42 kg; unbekannter Eigen⸗
1488 1122 2342 1175 tümer, Beſitzer: Königliches Polizei⸗
1489 1167 2077 1218 präſidium, Abt. III, Aachen;
1532 1214 2345 1268 II. e. (II e. AV. 4030. 18) 699 qf
1488 1259 2334 1314 Chevreauxleder = 27 Dtz., vermutlicher
1485 1307 2340 1357 Eigentümer A. N. Arditti, Konſtan⸗
1483 1353 2336 1406 tinopel⸗Wien, Beſitzer: Max Michaelis,
1485 1399 1908 1445 Berlin, Burgſtr. 22;
1526 1448 2339 1498 III. f. (III e. AV. 4326/18.) 6 Ballen
1482 1490 2335 1543 Lederhäute, Eigentümer unbekannt, Be⸗
1481 1537 2339 1592 ſitzer: Speditionsfirma Bächerling in
1482 1584 1711 1631 Dortmund;
1527 1634 2339 1685 IV. g. (II e. AV. 4136/18) 3442,1 qf
1481 1676 2336 1731 Kalbleder (30 Dtz. ſchwarze Chrom⸗
1483 1723 2333 1778 Boxkalb), Eigentümer S. D. Aftalion,
1479 1767 1619 1813 Sofia;
1523 1815 2330 1869 h. (II e AV. 3994/18) 3040. 30 qf Kalb⸗
1476 1860 2337 1915 leder, Eigentümer Magazinul de
1484 1909 2319 1962 Vielarie „Vropaſtrea“ George Ali
1473 1956 2327 2006 manescu, Bukareſt, Str. Derebal Nr. 5,
1521 2003 2322 2051 wird am 28. November 1918,
1478 2047 2329 2100 Vormittags zu I 10 Uhr, zu II
1477 2095 2323 2146 10 ½ Uhr, zu III 11 Uhr, zu IV
1474 2142 2323 2194 11 ½ Uhr, vor dem Reichsſchiedsgericht
1472 2186 2317 2237 für Kriegswirtſchaft in Berlin SW. 61,
1474 2231 2323 2285 Gitſchinerſtr. 97, I. Stock, verhandelt
1474 2280 2321 2332 werden. Die Eigentümer werden hiervon
1470 2325 2328 2377 benachrichtigt. In dem Termin wird ver⸗
1466 2370 2304 2426 handelt und entſchieden, auch wenn ſi
1468 2417 1861 2463 nicht vertreten ſind.
1513 2465 2196 2513 Berlin, den 6. Navember 1918.
1485 2509 2294 2567 Reichsſchiedsgericht für Kriegswir ch rft.
1471 2753 2310 2870 4) Verloſung ꝛc. von
1584 2869 2185 2984 Wertpapieren.
1462 3001 2310 3058 Die Bekanntmachungen über den
1459 3051 2307 3106 Verluſt von Wertpapieren befin⸗
1457 3099 2304 3152 den ſich ausſchließlich in Unter⸗
1735 3148 2032 3199 abteilung 2.
1447 3286 1607 3342 [48432]
1677 3297 2089 3349 Bekanntmachung.
1486 3343 2303 3394 Von der 4 % igen Anleihe der Ge⸗
1447 3390 2308 3440 meinde Deutſch⸗Wilmersdorf von
1450 3435 2305 3487 1899 (2 570 000 ℳ⸗Anleihe) ſind am
1454 3480 2307 3537 1. April 1919 planmäßig 75 500 ℳ zu
1448 3527 1576 3569 tilgen.
1499 3572 2307 3627 Die Schuldverſchreibungen ſind an⸗
1455 3619 2302 3673 gekauft worden, eine Ausloſung findet
1451 3664 1784 3708 daher nicht ſtatt.
1492 3713 2300 3764 Die Einlöſung der in den Vor⸗
1449 3758 2301 3811 jahren ausgeloſten Schuldverſchrei⸗
1447 3809 2299 3860 bungen wird in G isaerung ge⸗
1446 3853 1610 3894 bracht:
1527 3896 2218 3949 Kündigungstermin 1. April 1917.
1489 3942 1962 3988 Buchſtabe A Nr. 73.
1523 3989 2214 4039 Kündigungstermin 1. April 1918.
1488 4035 2272 4086 Buchſtabe A Nr. 731 913 und 987.
1488 4081 2297 4134 Berlin⸗Wilmersdorf, den 4. No⸗
1435 4127 1705 4173 vember 1918.
1685 4176 2048 4226 Der Magiſtrat.
1459 4405 2285 4525 5) Kommanditgeſell⸗
1458 4522 2278 4635 chaften auf Aktien u.
1474 4636 2265 4753 Aktiengeſellſchaften.
1435 4769 1588 4816 [48294]
1437 4817 2286 4897 Berlin-Charlottenburger Theater
1439 4890 2285 4963 Unternehmung Aktiengeſellſchaft.
1478 4958 2288 5012 An Stelle des ausgeſchiedenen Herrn
1435 5002 2286 5056 Heinrich Jaretzki iſt der Kaufmann Emil
1441 5049 2280 5104 Faikenberg in Berlin⸗Wilmersdorf,
1438 5095 2279 5154 Berlinerſtraße 158, zum Aufſichtsrats⸗
1433 5143 1831 5188 mitgliede ernannt.
1687 5190 2034 5241 Der Vorſtand.
1725 5237 1983 5292 Hirſchlaff.
1433 5337 1579 5382 [47951]
1444 5388 2258 5459 Limbacher Warenvermittelungs
1426 5456 2279 5531 Aktiengeſellſchaft, Limbach i. Sa.
1676 5526 2032 5572 in Liquidation.
1470 5569 2277 5623 Die Herren Aktionäre werden hiermit zu
1426 5616 2277 5670 der Sonntag, den 24. November
1424 5659 2276 5715 1918, Nachmittags 3 Uhr, in Lim⸗
1422 5707 2276 5761 bach im Hotel „Deutſches Haus“ ſtatt⸗
1423 5755 2277 5811 findenden Generalverſammlung einge⸗
1424 5803 2274 5858 laden und um zahlreiches Erſcheinen erſucht.
1664 5847 2025 5897 Tagesordnung:
1466 5892 2274 5946 1) Vortrag des Geſchäftsberichts für das
1512 5940 2277 5995 letzte Geſchäftsjahr der Geſellſchaft
1508 5985 1692 6031 1917/18.
1457 6032 2198 6085 2) Juſtifikation der Jahresrechnung.
1458 6078 2274 6132 3) Beſchlußfaſſung über Verwendung
1508 6125 2277 6177 des Reingewians (Feſtſetzung der
1513 6170 2266 6221 Rückvergütung an die Warenabnehmer,
1507 6214 2267 6270 der Tantieme an die Bevollmächtigten
1498 6264 2271 6315 und den Aufſichtsrat und die Höhe
1510 6311 2270 6362 der zu verteilenden Kapitaldividende).
1449 6355 1999 6406 4) Wahl des Aufſichtsrats.
1445 6399 1680 6448 5) Anträge.
1453 6445 2078 6494 Limbach, 4. November 1918.
1620 6493 2050 6542 Die Liquidatoren:
1476 6538 2205 6588 Otto Haaſe. David Müller.
1598 6585 2045 6635 Friedrich Ahnert.
2392 382 2542 438 [48504]
2433 435 3183 504 Alexanderwerk A. von der
2388 510 3226 578 Nahmer, Akt. Geſ., Remſcheid.
2428 579 3229 627 Der Aufſichtsrat beſteht zurzeit aus
2379 622 2631 671 den Herren:
2429 671 3225 718 David Haſenclever, Remſcheid, Vor⸗
2468 715 2638 765 ſitzender,
2420 759 3227 812 Max Böker, Remſcheid, ſtellvertretender
2470 809 2721 856 Vorſitzender,
2422 854 3223 905 Heinrich Böker, in Firma Heinrich
2469 902 2832 945 Böker, Remſcheid,
2420 945 3223 996 Kommerzienrat Fritz Korff, in Firma
2465 994 3088 1041 Korff & Honsberg, Remſcheid,
2417 1039 3001 1087 Walter Luckhaus, Düſſeldorf,
2418 1086 3217 1136 Walter Paß, in Firma C. G. Paß,
2461 1132 2679 1177 Remſcheid.
2421 1178 3172 1229 Remſcheid, den 5. November 1918.
2377 1272 2522 1315 [48552]
2375 1316 3219 1383 Eiſenhüttenwerktzeulab. Muskau
2571 1390 3016 1455 Actiengeſellſchaft.
2411 1455 3214 1504 Die Herren Aktionäre werden hierdurch
2375 1499 3213 1550 zu der am Montag, den 9. Dezember cr.,
2375 1550 3211 1597 Abends 6 Uhr, im Savoy Hotel, hier,
2368 1591 3216 1641 ſtattfindenden ordentlichen Generalver⸗
2370 1642 2827 1687 ſammlung eingeladen.
2411 1688 3209 1734 Die Anmeloung der Aktien behufs Teil⸗
2370 1734 3211 1782 nahme an der Ge eralverſammlung hat in
2374 1780 3214 1825 Gemäßheit des § 31 der Statuten bei der
2368 1826 3165 1872 Geſellſchaft oder bei den Bankhäuſern
2404 1873 3212 1921 S. Frenkel. Berlin, Unter den Linden
2452 1919 2670 1965 Nr. 57/58,
2404 1966 3206 2013 Berliner Bank Juſi ut Joſeph
2451 2012 3202 2057 Goldſchmidt & Co., Berlin,
2455 2058 2990 2105 Franzöſiſche Straße 57/58,
2363 2106 2587 2152 zu erfolgen.
2601 2151 2963 2199 Tagesordnung:
2402 2197 3211 2244 1) Vorlage der Berichte des Vorſtands
2445 2244 3202 2291 und Aufſichtsrats über den Vermögens⸗
2445 2290 3202 2336 ſtand und die Verhältniſſe der Geſell⸗
2450 2337 3202 2381 ſchaft ſowie der Bilanz und Gewinn⸗
2438 2383 3203 2431 und Verluſtrechnung für das abge⸗
2440 2429 2886 2475 laufene Geſchäftsjahr.
2387 2475 3206 2523 2) Genehmigung der Jahresbilanz und
2442 2523 2805 2568 Gewinnverteilung.
2393 2567 3204 2616 3) Entlaſtung des Vorſtands und des
2443 2614 2701 2661 Aufſichtsrats.
2390 2661 3195 2709 4) Wahl von Mitgliedern des Auf⸗
2442 2707 2629 2753 ſichtsrats.
2389 2753 2876 2801 5) Wahl von Reviſoren.
2390 2801 3055 2846 Berlin, den 7. November 1918.
2522 2847 3006 2892 Der Aufſichtsrat des
2349 2892 3192 2940 Eiſenhüttenwerk Reula b. Muskau
2562 2940 2965 2989 Actiengeſellſchaft.
2396 2986 3138 3038 Herrmann Frenkel, Vorſitzender.
2347 3091 2492 3137 [48553]
2377 3137 3150 3208 Gemeinnützige Baugeſellſchaft
2438 3208 3085 3279 Keula Actiengeſellſchaft.
2387 3276 3190 3326 Die Herren Aktionäre werden hierdurch
2341 3323 3185 3368 zu der am Montag, den 9 D ⸗
2336 3370 3181 3420 zember cr., Abends 6 Uhr, im Savoy⸗
2343 3416 3187 3467 Hotel hier ſtattfindenden ordentlichen
2343 3462 3064 3512 Generalverſammlung eingeladen.
2582 3510 2938 3558 Tagesordnung:
2380 3554 3185 3604 1) Vorlegung der Bilanz und Gewinn⸗
2431 3601 2848 3650 und Verluſtrechnung.
2372 3643 2842 3692 2) Entlaſtungserteilung.
2370 3690 2978 3739 3) Neuwahl des Aufſichtsrats.
2382 3741 3040 3787 Berlin, den 7. Novemder 1918.
2340 3785 3178 3836 Gemeinnützige Baugeſellſchaft Keula
2550 3834 2958 3880 Actiengeſe ſchaft.
2562 3880 2948 3928 Moritz Frenkel,
2450 3924 3055 3974 Vorſitzender des Aufſichtsrats.
2331 4028 2482 4072 [48549]
2400 4074 3108 4151 Aktien⸗Bierbrauerei
2332 4155 3169 4243 in Eſſen an der Ruhr.
2378 4237 3171 4294 In Gemäßheit des § 29 des Geſell⸗
2331 4284 3168 4335 ſchaftsvertrags werden die Herren Aktio⸗
2328 4330 3169 4385 näre unſerer Geſellſchaft zur diesjährigen
2328 4378 3164 4431 ordentlichen Generalverſammlung er⸗
2329 4424 3172 4478 gehenſt eingeladen, welche Samstag, den
2329 4471 3168 4524 30 November ds. Js., Vormittags
2326 4517 3163 4572 11 Uhr, im „Kaiſerhof“ in Eſſen ſtatt
2328 4564 2566 4608 finden wird.
2569 4610 2925 4659 Tagesordnung:
2367 4655 3166 4707 1) Abänderung des § 28 des Geſell⸗
2415 4701 3167 4753 ſchaftsvertrags (Uebernahme der Tan⸗
2415 4747 3064 4797 tiemeſteuer auf die Geſellſchaft).
2361 4795 3169 4849 2) Vorlegung des Jahresabſchluſſes mit
2411 4840 3161 4894 Gewinn⸗ und Verluſtrechnung ſowie
2411 4885 3159 4940 Bericht des Vorſtands über die Ge⸗
2414 4934 3160 4985 ſchä tsführung und den Rechnungs⸗
2408 4980 3157 5034 abſchluß des abgelaufenen Geſchäfts⸗
2412 5027 2700 5072 j hrs 1917/18.
2350 5069 3157 5124 3) Bericht der Rechnun sprüſer und des
2414 5118 3157 5173 Aufſichtsrats über die Prüfung der
2410 5165 3156 5221 Rechnungen, des Jahresabſchluſſes und
2407 5211 3093 5268 der Gewinn⸗ und Verluſtrechnung.
2361 5256 3153 5313 4) Beſchlußfaſſung über den Jahres⸗
2406 5303 3154 5361 abſchluß und die Verteilung des
2408 5350 3148 5411 Reingewinns, beſonders Feſtſtellung
2407 5397 2792 5440 des Gewinnanteils.
2356 5442 3146 5501 5) Beſchlußfaſſung üder die Erteilung
2402 5489 3146 5546 der Entlaſtung an Vorſtand und
2405 5534 2644 5581 Aufſichtsrat.
2353 5581 3144 5638 6) Neuwahl von Aufſichtsratsmitgliedern.
2352 5627 3147 5687 7) Wahl von Rechnungsprüfern für das
2400 5673 2857 5725 laufende Geſchäftsjahr.
2359 5719 3144 5774 Behufs Teilnahme an der General⸗
2310 5766 3142 5825 verſammlung iſt nach Vorſchrift des § 31
2305 5809 3140 5870 des Geſellſchaftsvertrags der Beſitz von
2308 5857 3139 5917 Aktien durch Eintragung in die hierzu
2305 5902 3140 5965 aufgelegte Liſte ſpäteſtens am Tage
2308 5951 3137 6011 vor der Verſammlung nachzuweiſen.
2305 5991 3134 6055 Die Eintragung erfolgt auf die ſchrift⸗
2303 6042 3141 6099 liche Anmeldung bei der Direktion ent⸗
2302 6088 3136 6148 weder gegen Vorzeigen der Aktien ſelbſt
2302 6134 3141 6194 oder eines der Direktion als genügend er⸗
2307 6180 3134 6246 ſcheinenden Zeugniſſes über den B ſitz
2304 6225 3131 6288 derſelben, wogegen eine perſönliche Ein⸗
2297 6272 3132 6335 trittskarte mit Angabe der Stimmzahl
2297 6319 2627 6364 verabreicht wird.
2347 6363 2982 6421 Eſſen, den 2. November 1918.
2519 6412 2921 6466 Friedrich Funke,
2487 6457 2955 6515 Königl. Kommerzienrat.
3255 387 3419 449 [48503]
3304 427 4106 490 In der außerordentlichen Hauptverſamm⸗
3256 478 4101 537 lung vom 8. Okt. d. J. wurde die Ver⸗
3260 520 4096 583 pachtung des Betriebes der Aktien⸗
3260 569 4100 627 geſellſchaft an die offene Handelsgeſellſchaft
3261 616 4092 670 Gebrüder Bieber. Duisburg, gültig
3254 663 4029 719 vom 1. Januar 1918, beſchloſſen.
3257 712 4091 783 Gebr. Bieber Aktiengeſellſchaft
3513 788 3817 850 i/Duisburg.
3249 868 3410 916 [48513]
3276 909 4066 964 Maſchinenwerke Eiſenach, Aktien⸗
3252 952 4092 1012 geſellſchaft, in Konkurs, Eiſenach.
3311 1002 4092 1053 Die Aktionäre werden hiermit zu der
3247 1047 4086 1100 am Montag, den 2. Dezember 1918,
3251 1094 4087 1147 Nachmittags 4 Uhr, im Direktions⸗
3249 1136 4087 1193 zimmer der Mitteldeutſchen Privat⸗Bank,
3252 1186 4082 1238 Aktiengeſellſchaft, Filiale Eiſenach, ſtatt
3252 1229 4091 1285 findenden außerordentlichen General⸗
3246 1285 3787 1335 verſammlung eingeladen.
3491 1332 3859 1376 Tagesordnung:
3290 1378 3651 1423 1) Vorſtandswahl.
3285 1420 4087 1472 2) Beſchlußfaſſung über einen einzu⸗
3334 1466 4084 1515 reichenden Zwangsvergleichsvorſchlag.
3284 1512 4078 1565 Zur Teilnahme an der Generalver⸗
3246 1558 4082 1612 ſammlung ſind diejenigen Aktionäre be⸗
3247 1607 4085 1656 rechtigt, welche bis zum 28. November
3243 1652 4084 1703 ds. Js., Abends 6 Uhr. ihre Aktien
3243 1700 4083 1748 bei der Mitteldeutſchen Privat⸗Bank.
3245 1747 4066 1794 Aktiengeſellſchaft, Filiale Eiſenach
3246 1796 3566 1839 deponiert haben.
3290 1840 4001 1887 Eiſenach, den 6. November 1918.
3464 1889 3864 1933 Der Aufſichtsrat.
3417 1935 3906 1980 Viktor Bornemann.
3245 1994 3390 2039 [48544]
3273 2040 4047 2120 Brauerei zum Felſenkeller
3471 2124 3848 2192 bei Dresden.
3282 2201 4084 2247 Die ordentliche Generalverſamm⸗
3237 2249 4075 2294 lung ſoll Sonnabend, den 30 No⸗
3238 2296 4074 2341 vember 1918. Nachmittags 5 Uhr,
3234 2340 4075 2388 im Saale der Dresdner Kaufmannſchaft,
3234 2384 4074 2437 Oſtra⸗Alle 9, 1. Obergeſchoß, Eingang
3240 2434 4076 2483 Malergäßchen, zu Dresden, abgehalten
3237 2486 3376 2526 werden.
3469 2527 3844 2575 Tagesordnung:
3271 2574 4084 2623 1) Vorlegung des Jahresberichts mit
3321 2620 4077 2670 Bilanz, Gewinn⸗ und Verluſtrech⸗
3318 2668 4076 2718 nung und den Bemerkungen des Auf⸗
3322 2714 3657 2759 ſichtsrats hierzu.
3263 2760 4071 2808 2) Beſchlußfaſſung über die Genehmi⸗
3314 2809 4069 2855 gung der Jahresbilanz und die Ge⸗
3321 2855 4070 2900 win verteilung und über die Ent⸗
3317 2900 4068 2948 laſtung des Vorſtands und des Auf⸗
3319 2947 3509 2992 ſichtsrats.
3265 2992 4071 3042 3) Beſchlußfaſſung über Abänderung des
3320 3038 4069 3089 Geſellſchaftsvertrages dahingehend, daß
3315 3084 4068 3136 § 24 folgende Faſſung erhält: „Die
3309 3132 4070 3182 Mitglieder des Aufſichtsrats erhalten
3313 3180 4068 3228 — außer dem Erſatz der ihnen in
3310 3225 4067 3275 Ausübung ihres Amtes erwachſenen
3316 3272 4063 3321 Auslagen — für ihre Mühewaltung
3309 3320 4062 3366 und Verantwortlichkeit eine als
3305 3361 4062 3414 Handlungsunkoſten zu verbuchende feſte
3309 3411 4068 3463 Vergütung von jährlich ℳ 4000,—
3308 3459 4066 3511 für den Vorſitzenden und je ℳ 3000,—
3307 3504 4066 3554 für jedes weitere Mitglied ſowie den
3304 3552 4064 3603 in § 9 feſtgeſetzten Anteil am Rein⸗
3309 3599 3495 3641 gewinne.“
3255 3643 3808 3692 4) Wahl zum Aufſichtsrate.
3256 3690 4061 3743 Die Anmeldung findet von 4 ½ Uhr an
3212 3729 3313 3782 ſtatt.
3254 3780 4062 3832 Zur Teilnahme an der Generalver⸗
3212 3827 4052 3880 ſammlung iſt gemäß § 26 des Geſell
3210 3876 4057 3927 ſchaftsvertrags jeder berechtigt, welcher dem
3211 3924 4056 3976 die Präſenzliſte führenden Notare
3210 3972 4060 4024 vor Beginn der Verhandlung eine
3212 4016 4057 4069 oder mehrere Aktien vorzeigt. Hinter⸗
3215 4064 4053 4115 legungsſcheine über die bei der Geſell⸗
3208 4110 4055 4160 ſchaft, bei der Reichsbank, bei den
3220 4155 4057 4210 Darlehnskaſſen, bei einer Gerichts.
3206 4202 4055 4256 behörde, bei einem deutſchen Notare
3209 4250 4052 4302 oder bei der Dresdner Bank in
3214 4295 4048 4351 Dresden, König⸗Johann⸗Straße Nr. 3,
3211 4344 4055 4398 und deren Zweigniederlaſſungen
3205 4390 4046 4444 niedergelegten Aktien berechtigen denjenigen,
3202 4437 4046 4492 auf deſſen Namen ſie ausgeſtellt ſind,
3206 4481 4048 4537 ebenfalls zur Teilnahme an der General⸗
3206 4528 4047 4583 verſammlung. Jede Aktie gibt eine Stimme.
3251 4575 4047 4629 Jahresberichte mit Bilanz, Gewinn⸗
3200 4622 4048 4675 und Verluſtrechnung und den Bemerkungen
3203 4667 4046 4722 des Aufſichtsrats hierzu liegen vom 15 No⸗
3204 4716 4044 4769 vember d. J. ab im Kontor der Brauerei
3202 4760 4045 4815 zum Felſenkeller bei Dresden und bei der
3203 4807 4042 4866 Dresdner Bank in Dresden zur Einſicht
3200 4854 4042 4909 und Empfangnahme für die Aktionäre
3199 4898 3316 4943 bereit.
3235 4944 4041 5005 Dresden⸗Plauen, am 4. November
3193 4992 3300 5037 1918.
3309 5042 3941 5095 Brauerei zum Felſenkeller
3459 5091 3761 5140 bei Dresden.
3398 5135 3831 5184 Das Direktorium.
3188 5179 4033 5240 Kämpfe. Joh. Louis Guthmann.
3448 5230 3763 5281 Dr. Römiſch.
4134 377 4285 426 [48542]
4133 420 4973 507 Badiſche Uhrenfabrik A.⸗G.,
4348 505 4754 584 Furtwangen.
4172 586 4968 646 Generalverſammlung Gametag.
4128 630 4967 684 den 7. Dezember d. J., Nachmittags
4128 676 4970 738 halb 3 Uhr, im Büro der Geſellſchaft
4127 729 4447 776 in Furtwangen.
4366 765 4735 817 Tagesordnung:
4166 817 4960 869 1) Vorlage des Geſchäftsberichts mit
4218 863 4961 923 Bilanz, Gewinn⸗ und Verluſtrechnung
4212 910 4611 957 auf 30. Juni d. J.
4162 956 4966 1013 2) Entlaſtung des Aufſichtsrats und der
4220 1006 4414 1047 Direktion.
4163 1049 4768 1097 3) Neuwahl des Aufſichtsrats.
4171 1097 4960 1149 Die Eintrittskarten werden von der
4128 1145 4965 1195 Direktion in Furtwangen gegen Ein⸗
4121 1190 4967 1246 ſendung einer Bankbeſcheinigung über den
4126 1237 4960 1288 Aktienbeſitz ausgeſtellt, und ſind dieſe
4123 1285 4961 1336 Geſuche bis ſpäteſtens 2. Dezember
4121 1331 4786 1381 d. J. bei derſelben einzureichen.
4166 1379 4963 1435 Bilanz, Gewinn⸗ und Verluſtrechnung
4123 1423 4968 1475 mit dem Bericht der Direktion und des
4123 1472 4965 1524 Aufſichtsrats liegen vom 22. November
4120 1517 4867 1567 d. J. im Büto der Geſellſchaft auf.
4166 1564 4912 1613 Offenburg, den 6 November 1918.
4348 1612 4748 1656 Der Aufſichtsrat
4151 1657 4936 1710 der Badiſchen Uhrenfabrik A.⸗G.
4200 1704 4888 1754 Dr. H. Rombach, Vorſitzender.
4119 1788 4270 1837 [48555]
4148 1835 4934 1911 Memeler Aktien⸗Brauerei
4143 1917 4919 1994 Korn⸗ und Likörfabriken.
4159 1998 4958 2047 Auf Grund des § 24 des Geſellſchafts⸗
4115 2046 4960 2095 vertrages werden die verehrlichen Aktionäre
4114 2093 4963 2139 zu der am Sonnabend, den 30. No⸗
4114 2140 4957 2188 vember. Vormittags 10 Uhr, im Ge⸗
4112 2185 4961 2233 ſchäftslokal der Geſellſchaft ſtattfindenden
4115 2233 4958 2281 48. ordentlichen Generalverſamm⸗
4114 2279 4846 2329 lung hierdurch ergebenſt eingeladen.
4359 2328 4719 2371 Tagesordnung:
4152 2374 4960 2424 1) Geſchäftsbericht des Vorſtands und
4204 2421 4967 2467 des Aufſichtsrats über die Verhältniſſe
4201 2469 4961 2514 der Geſellſchaft und über die Er⸗
4203 2514 4959 2562 eigniſſe des verfloſſenen Geſchät ts jahrs.
4147 2562 4958 2610 2) Vorlage der Bilanz, Gewinn⸗ und
4203 2608 4960 2656 Verluſtrechnung über das verfloſſene
4197 2654 4955 2703 Geſchäftsjahr, Beſchlußfaſſung üb r
4198 2702 4867 2749 die Verteilung des R ingewinns.
4147 2749 4958 2798 3) Erteilung der Entlaſtung an Vor⸗
4202 2796 4663 2843 ſtand und Aufſichtsrat.
4133 2843 4551 2890 4) Aufſichtsratswahl.
4150 2889 4957 2938 Diejenigen Aktionäre, welche ſich an der
4106 2937 4957 2985 Generalverſammlung beteiligen wollen,
4103 2984 4954 3031 haben gemäß § 27 des Geſellſchafts⸗
4099 3031 4951 3079 vertrags ihre Aktien bis zum 27 d M,
4099 3079 4949 3128 Abends 6 Uhr, bei der Geſellſchafts⸗
4102 3126 4917 3171 kaſſe oder einem Notar zu deponieren.
4144 3172 4823 3217 Memel, den 7. November 1918.
4119 3218 4931 3269 Der Vorſitzende des Aufſichtsrats:
4367 3265 4678 3313 M. Kerſtein.
4095 3363 4252 3422 [48551]
4391 3375 4666 3439 Brölthaler
4146 3442 4893 3512 Eiſenbahn-Aktiengeſellſchaft.
4144 3512 4952 3561 Wir haben hiermit die Aktionäre unſerer
4100 3557 4950 3608 Geſellſchaft zu einer außerordentlichen
4097 3606 4946 3655 Generalverſammlung auf den 3 De⸗
4098 3655 4941 3702 zember 1918, Nachmittags 3 ½ Uhr,
4094 3698 4948 3747 in den Sitzungsſaal des Bankhauſes Sal.
4095 3745 4942 3796 Oppenheim jr. & Co., Cöln, gr. Buden⸗
4093 3792 4580 3840 gaſſe 8/10, ergebenſt ein
4136 3841 4897 3890 Gegenſtände der Tagesordnung:
4134 3886 4943 3933 1) Genehmigung der Aufnahme eines
4187 3934 4819 3980 Darlehns bis ℳ 1 000 000.
4129 3978 4943 4029 2) Aenderung des Geſellſchaftsvertrags
4185 4026 4935 4079 (§§ 34 Abſ. 1 Satz 1, 35 Abſ. 2,
4178 4074 4942 4125 betr. Zuſammenſetzung und Ver⸗
4176 4120 4939 4169 tretungsbefugnis des Vorſtands, Ein⸗
4177 4166 4938 4218 fügung einer Beſtimmung über Be⸗
4177 4213 4938 4263 ſtellung ven Prokuriſten und Hand⸗
4175 4260 4935 4312 lungsbevollmächtigten bei § 35 Aoſ. 5).
4133 4305 4937 4358 Diejenigen Aktionäre, welche ihr Stimm⸗
4082 4353 4935 4405 recht auszu üben beabſichtigen, werden er⸗
4082 4400 4937 4450 ſucht, ihre Aktien oder eine von Staats⸗
4084 4447 4932 4499 und Kommunalbehörden und Kaſſen ſowie
4084 4496 4935 4547 von der Reichsbank und deren Filialen
4084 4538 4935 4595 ausgeſtellte Beſcheinigung über die bei
4082 4589 4930 4640 dieſen hinterlegten Aktien ſpäteſtens am
4081 4634 4929 4688 30 November d. J. mit doppeltem
4079 4684 4480 4730 Nummernverzeichnis
4125 4730 4928 4782 beim Bankhauſe Sal. Oppenheim je.
4170 4778 4609 4825 & Co., Cöln. oder
4123 4822 4927 4873 bei der Direction der Disconto⸗
4173 4871 4759 4918 Geſellſchaft. Berlin, oder
4118 4916 4925 4970 bei der Geſellſchaftskaſſe in Beuel
4168 4965 4471 5013 (Rhein) oder
4119 5010 4705 5063 bei einem deutſchen Notar
4076 5057 4362 5101 zu hinterlegen.
4118 5107 4916 5155 Beuel (Rhein), den 6. November 1918.
4289 5154 4694 5201 Der Aufſichtsrat.
4072 5196 4915 5250 S. Alfred Freiherr von Oppenheim,
4375 5251 4625 5299 Vorſitzender.
3191 5343 3334 5393 [48479]
3258 5391 4839 5496 Manufaktur Koechlin Baumgartner & Cie⸗
3713 5481 4391 5577 Aktien⸗Geſellſchaft.
3226 5549 3397 5598 Aktiva.
3686 5552 4417 5621 Bilanz der 30 Juni 1918.
4672 5576 4869 5623 Paſſiva.
3838 5640 3911 5680 ℳ
3982 5646 4030 5685 ₰
4728 5657 4792 5693 ℳ
4862 5650 4914 5694 ₰
3187 5667 3351 5715 Anlagen
3770 5681 3971 5725 1 097 515
3982 5686 4029 5727 52
4062 5683 4338 5739 Aktienkapital
4659 5692 4853 5743 3 000 000
4861 5699 4910 5734 —
3179 5714 3460 5764 Warenvorräte
3769 5728 3968 5774 2 204 769
3980 5732 4028 5777 10
4061 5735 4444 5793 Obligationskapital
4659 5744 4850 5790 1 500 000
4860 5746 4910 5784 —
3178 5760 3382 5806 Debitoren
3770 5774 3969 5822 4 360 533
3979 5780 4026 5824 60
4059 5786 4322 5833 Reſervefonds
4695 5789 4849 5833 300 000
4859 5791 4910 5827 —
3176 5805 3721 5861 Kaſſa, Wechſel und Wert⸗
4060 5830 4417 5885 Dividendenreſerve
4697 5834 4847 5879 120 000
4857 5836 4909 5873 —
3227 5855 3375 5908 papiere
3767 5865 3965 5915 3 172 615
3976 5873 4024 5919 34
4061 5877 4416 5926 Dispoſitionsfonds
4692 5883 4846 5926 725 422
4857 5878 4912 5922 60
4055 5923 4445 5978 Unterſtützungskonto
4688 5930 4848 5977 250 000
4854 5928 4911 5969 —
4055 5971 4325 6019 Kriegsreſerve
4691 5972 4844 6018 600 000
4852 5976 4910 6010 —
4052 6015 4268 6064 Kreditoren
4648 6019 4846 6068 3 581 539
4852 6020 4907 6059 85
4058 6066 4602 6123 Gewinn⸗ und Verluſtkonto
4691 6069 4833 6114 758 47
4855 6063 4905 6106 11
3753 6114 3960 6173 10 835 433
3969 6130 4018 6174 56
4637 6135 4840 6186 10 835 433
4851 6130 4902 6182 56
3216 6162 4866 6246 Soll. Gewinn⸗ und Verluſtkonto per 30. Juni 1918. Haben.
3819 6258 3892 6298 ℳ
3966 6262 4016 6308 ₰
4709 6273 4784 6313 ℳ
4854 6261 4906 6303 ₰
3170 6271 3634 6338 Dividende und Bonus
3797 6296 3957 6346 660 000
3967 6306 4013 6345 —
4049 6303 4404 6360 Vortrag 1916/17
4686 6309 4835 6356 164 617
4847 6304 4903 6350 15
3175 6326 3345 6381 Vortrag
3817 6348 3955 6398 98 4 1
3968 6351 4013 6398 11
4047 6353 4400 6416 Gewinn 1917/18
4686 6355 4835 6405 593 853
4842 6352 4895 6395 93
3799 6415 3953 6463 758 471
3966 6416 4012 6466 11
4681 6425 4833 6478 758 471
4849 6415 4914 6470 1
3302 6456 3984 6521 Lörrach, den 23. Oktober 1918.
3860 6526 4199 6581 Der Vorſtand.
6160 571 8725 839 Deutſcher Reichsanzeiger
7361 926 7522 1032 und
5481 1106 9390 1382 Königlich Preußiſcher Staatsanzeiger.
5728 1477 6678 1539 Der Bezugspreis beträgt vierteljährlich 9 ℳ.
5599 1530 6800 1594 Alle Poſtanſtalten nehmen Beſtellung an; für Berlin außer
5594 1577 6800 1646 den Poſtanſtalten und Zeitungsvertrieben für Selbſtabholer
5595 1633 6800 1696 auch die Königliche Geſchäftsſtelle SW. 48, Wilhelmſtr. 32.
5772 1691 6622 1756 Einzelne Nummern koſten 25 Pf.
8055 1509 9283 1550 Anzeigenpreis für den Raum einer 5 geſpaltenen Einheitszelle
8048 1548 9283 1593 50 Pf., einer 3 geſpalt. Einheitszeile 90 Pf. Außerdem wird auf
8047 1587 9285 1632 den Anzeigenpreis ein Teuerungszuſchlag ven 20 s. J. erhoben.
8396 1642 8938 1683 Anzeigen nimmt an:
8047 1683 9283 1727 die königliche Geſchäftsſtelle des Reichs⸗ und Staatsanzeigers
8282 1729 9057 1767 Berlin SW 48, Wilhelmſtraße Nr. 32.
5256 1809 5681 1913 No. 267.
5828 1838 6404 1912 Reichsbankgirokonto.
6653 1836 8191 1936 Berlin, Sonnabend, den 9. November, Abends.
8324 1857 9184 1942 Poſtſcheckkonto: Berlin 41821.
9314 1849 9645 1935 1918.
5573 2021 6336 2077 Inhalt des amtlichen Teiles:
5252 2084 6659 2147 Bekanntmachung über die Thronentſagung des Kaiſers und
5293 2138 6086 2194 den Thronverzicht des Kronprinzen.
5247 2196 5750 2252 Ordensverleihungen ꝛc.
5733 2276 6159 2333 Deutſches Reich.
5251 2343 6659 2405 Bekanntmachung zur Ergänzung der Bekanntmachung zum
5293 2397 6149 2449 Bierſteuergeſetze vom 8. Auguſt 1918.
5251 2448 6446 2507 Verordnung über die wirtſchaftliche Demobilmachung.
5242 2501 6656 2567 Bekanntmachung über die Erweiterung des Notenausgaberechts
5282 2553 6055 2606 der Württembergiſchen Notenbank.
5247 2609 5544 2663 Handelsverbot
5252 2658 6648 2721 Anzeige, betreffend die Ausgabe der Nummer 149 des Reichs⸗
5287 2715 5544 2767 Geſetzblatts.
5670 2748 6197 2821 Königreich Preußen.
5248 2828 6649 2889 Ernennungen, Charakterverleihungen, Standeserhöhungen und
5289 2881 5983 2934 ſonſtige Perſonalveränderungen.
5235 2931 6645 2995 Bekanntmachung, betreffend Dank Seiner Majeſtät des Kaiſers
5274 2987 6649 3044 und Königs für Kundgebungen der Vaterlandsliebe und
5282 3039 5599 3090 Anhänglichkeit.
5235 3092 6590 3150 Bekanntmachung, betr. Aufhebung einer Zwangsverwaltung.
5237 3145 6649 3207 Bekanntmachung, betreffend den kommunalabgabenpflichtigen
5280 3198 6305 3257 Reinertrag der Lauſitzer Eiſenbahngeſellſchaft.
5240 3251 6016 3305 Aufhebungen von Handelsverboten.
5725 3328 6123 3383 Erſte Beilage:
5229 3391 6643 3447 Bekanntmachung der in der Woche vom 27. Oktober bis
5271 3443 6641 3505 2. November zu Kriegswohlfahrtszwecken genehmigten öffent⸗
5282 3496 5731 3551 lichen Sammlungen.
5744 3692 6131 3782 Amtliches.
5306 3808 6643 3884 Der Kaiſer und König hat ſich entſchloſſen, dem
5223 3880 5755 3938 Throne zu entſagen.
5316 3944 6645 4010 Der Reichskanzler bleibt noch ſolange im Amte, bis die
5227 4009 6643 4070 mit der Abdankung des Kaiſers, dem Thronverzicht des
5226 4069 6636 4134 Krorprinzen des Deutſchen Reiches und von Preußen und
5222 4132 6643 4201 der Einſetzung der Regentſchaft verbundenen Fragen ge⸗
5224 4201 6635 4265 regelt ſind. Er beabſichtigt, dem Regenten die Ernennung
5226 4261 6635 4328 des Abgeordneten Ebert zum Reichskanzler und die Vorlage
5225 4329 6633 4393 eines Geſetzentwurfes wegen der ſofortigen Ausſchreibung
5222 4392 6639 4460 allgemeiner Wahlen für eine verfaſſunggebende
5220 4451 6632 4522 Deutſche Nationalverſammlung vorzuſchlagen,
5220 4520 6640 4589 der es obliegen würde, die künftige Staatsform des deutſchen
5224 4578 6638 4649 Volkes einſchließlich der Volksteile, die ihren Eintritt in die
5223 4643 6424 4713 Reichsgrenzen wünſchen ſollten, endgültig feſtzuſtellen.
5320 4714 6050 4775 Berlin, den 9. November 1918.
5703 4787 6122 4840 Der Reichskanzler.
5606 4837 6236 4895 Max Prinz von Baden.
5260 4993 6598 5065 Seine Majeſtät der König haben Allergnädigſt geruht:
5312 5064 6629 5126 dem Hauptmann von Brandenſtein und dem Leutnant
5216 5110 6116 5179 Könnecke den Orden pour le mérite,
5310 5169 6634 5232 dem Geheimen und Oberkriegsgerichtsrat Dr. Boeder
5216 5214 6621 5286 den Roten Adlerorden dritter Klaſſe mit der Schleife am
5212 5261 5698 5336 ſchwarz⸗weißen Bande,
5305 5326 6628 5389 dem Generalarzt Dr. Thiele und dem Oberſten
5211 5371 6620 5445 Lüdecke den Königlichen Kronenorden zweiter Klaſſe mit
5218 5424 5454 5488 Schwertern,
5302 5482 6632 5552 dem Generaloberveterinär Steffens den Königlichen
5221 5521 6427 5603 Kronenorden dritter Klaſſe am ſchwarz⸗weißen Bande,
5302 5587 6626 5652 dem Generaloberarzt Dr. Duda, dem Oberſtleutnant
5217 5623 6623 5708 Schotte, den Majoren Ziegert, Zickendrath, von
5217 5682 6614 5763 Preſſentin, Meyer, von Winkler, Tilemann,
5216 5732 6616 5812 Blümner und Wagner, den Hauptleuten Baas, Weyert,
5213 5783 6616 5865 Beckhaus, van der Elſt, Karkowski, Hoepner, Kurz,
5215 5833 6619 5919 Weſtphal, den Hauptleuten der Reſerve von Heydebrand
5207 5892 6625 5969 und der Laſa, Bretz, Mannhardt, Spohn und Adam,
5207 5944 6628 6023 den Rittmeiſtern Guercke, Bertram und Freiherr von
5203 5990 6628 6074 der Goltz, den Oberleutnants Fuhrken und Hühner, den
5201 6038 6625 6129 Oberleutnants der Reſerve Stroetzel und Kanther, den
5208 6096 6619 6179 Leutnants Blum, Völcker, von Dewitz⸗Krebs, Kühn,
5206 6146 6619 6234 Joſuttis und Tauber, den Leutnants der Reſerve Klepper,
5210 6200 6623 6284 Vongehr, Maulhardt, Hund, Baetz und Gillmann
5210 6254 6622 6332 und den Leutnants der Landwehr Kottmeier, Lindenau und
5202 6302 6621 6388 Dettmann das Kreuz der Ritter des Königlichen Hausordens
5201 6359 6087 6436 von Hohenzollern mit Schwertern ſowie
5290 6414 6622 6493 den Offizierſtellvertretern, Feldwebel Schuſeil, Wacht⸗
5208 6458 6619 6543 meiſter Lenkeit und Vizefeldwebel der Landwehr Wand, den
5204 6505 6619 6599 Vizefeldwebeln Kwoczalla, Schütz, Woſimski, Greſens
5200 6567 6624 6649 und Häupler, den Vizefeldwebeln der Reſerve Korda und
5205 6611 6618 6703 Hommer, den Unteroffizieren Wranik⸗ und Gorek das
5206 6665 5959 6762 Militärverdienſtkreuz zu verleihen.
6778 2039 8112 2104 Seine Majeſtät der König haben Allergnädigſt geruht:
6813 2104 8145 2172 dem Oberlandesgerichtsrat, Geheimen Juſtizrat Graefe
6725 2151 8144 2219 in Poſen und dem Forſtmeiſter a. D. Jacobi von
6725 2203 8140 2273 Wangelin in Falkenberg, Kreis Torgau, den Roten Adler⸗
6722 2262 7559 2323 orden dritter Klaſſe mit der Schleife,
6825 2315 8136 2380 dem Pfarrer, Metropolitan a. D. Dithmar in Caſſel,
6719 2363 8135 2432 den Paſtoren a. D. Bleß in Dyhernfurth, Kreis Wohlau,
6718 2419 8137 2479 und Volke in Bad Sachſa, dem Studienrat Blume in
6723 2471 8138 2534 Magdeburg, dem Oberſtabsveterinär a. K. Beckmann in
6721 2525 8134 2585 Metz, dem Tierarzt Maaß in Elberfeld und dem Rendanten
6722 2577 8141 2642 a. D., Rechnungsrat Müller in Pfaffendorf bei Koblenz den
6720 2628 7448 2688 Roten Adlerorden vierter Klaſſe,
6820 2682 8134 2748 dem Pfarrer a. D. Mowitz in Laski, Kreis Kempen,
6721 2733 7864 2797 Poſen, den Königlichen Kronenorden dritter Klaſſe,
6818 2789 8133 2853 dem Hauptlehrer Anders in Lubaſch, Kreis Czarnikau,
6711 2836 7695 2900 den Königlichen Kronenorden vierter Klaſſe,
6815 2893 8137 2953 dem Superintendenten und Paſtor prim. Mercker in
6718 2944 8132 3011 Elze, Kreis Gronau, den Adler der Ritter des Königlichen
6716 2999 7399 3055 Hausordens von Hohenzollern,
6821 3053 8136 3112 dem Lehrer und Organiſten Mücke in Leuthen, Kreis
6712 3102 8136 3167 Neumarkt, den Adler der Inhaber des Königlichen Haus⸗
6709 3156 7276 3213 ordens von Hohenzollern,
6812 3208 8138 3268 dem Staatsanwaltſchaftsaſſiſtenten, Gerichtsſekretär
6711 3256 8143 3324 Ohlenſchläger bei der Staatsanwaltſchaft des Landgerichts I
6710 3314 8137 3374 Berlin, dem Oberbahnaſſiſtenten Grobe in Aachen, dem
6710 3365 8138 3427 Hegemeiſter a. D. Becker in Forſthaus Cathrinhagen, Kreis
6707 3419 8139 3483 Grafſchaft Schaumburg, und dem Stadtförſter a. D. Haenfler
6707 3470 8133 3534 in Breitenhain, Landkreis Schweionitz, das Verdienſtkreuz
6706 3519 6901 3575 in Gold,
6813 3574 8137 3638 dem Kanzleiſekretär a. D. Treptow in Neuruppin das
6713 3627 7272 3686 Verdiennkreuz in Silber,
6809 3682 8143 3741 dem Gemeindevorſteher, Bauerngutsbeſitzer Methner in
6712 3732 8136 3796 Brodelwitz, Kreis Steinau, dem Kirchenälteſten, Altſitzer Neu⸗
6708 3787 8137 3845 ling in Wallſtawe, Kreis Sa zwedel, dem Schleuſenmeiſter
6706 3839 8139 3898 a. D. Kühne in Friedrichsthal, Kreis Niederbarnim, und
6704 3890 8130 3953 dem Pflanzungsaufſeher Leskow in Hälſe, Kreis Königsberg
6706 3943 7853 4003 N. M., das Kreuz des Allgemeinen Ehrenzeichens,
6812 3997 8135 4057 dem Kanzleigehilfen a. D. Fiſcher in Kemberg, Kreis
6706 4048 8131 4107 Wittenberg, dem Kirchenſchweizer Ruffing in Spieſen Kreis
6707 4101 8128 4162 Ottweiler, dem Kreisboten Laake in Adelnau, dem Eiſenbahn⸗
6706 4155 8128 4215 materialienausgeber Müller in Leinhauſen bei Hannover,
6703 4206 8127 4268 dem Eiſenbahnweichenſteller a. D. Reich in Groß Bubainen,
6702 4259 8126 4321 Kreis Inſterburg, dem Eiſenbahnrottenführer a. D. Dorſch in
6701 4312 8126 4373 Schedlisken, Kreis Lötzen, dem Hüttenaufſeher Merz in Engers,
6701 4365 8130 4424 Kreis Neuwied, dem Laboratoriumsdiener Zimmermann in
6699 4418 8127 4478 Berlin, dem Packer Büntig ebendaſelbſt, dem Tagelöhner
6695 4470 8130 4526 Labey in Cöln⸗Mülheim, dem Vorarbeiter Heidenſtecker in
6699 4522 8124 4583 Stockum, Kreis Duisburg, dem Glasarbeiter Pals in Driburg,
6695 4575 8130 4634 Kreis Höxter, und dem Eiſenbahngüterbodenarbeiter Sievers
6697 4628 7663 4686 in Hannover das Allgemeine Ehrenzeichen,
6797 4682 8128 4738 dem Maurerpolier Schack in Tilſit, dem Steindrucker
6699 4732 8126 4789 Paul in Berlin, dem Tabakmiſchmeiſter Naumann in Ockers⸗
6699 4785 8120 4846 hauſen, Kreis Marburg, dem Tabakſpinner Kuhl in Marburg
6694 4838 8125 4898 und dem ehemaligen Kehrmann Meißner in Wehlitz, Kreis
6697 4891 7997 4947 Merſeburg, das Allgemeine Ehrenzeichen in Bronze ſowie
6803 4945 8130 5001 dem Sanitätsunteroffizier Henſel, dem Gefreiten Brock
6693 4995 8120 5054 und dem Kanonier Schröder die Rettungsmedaille am Bande
6694 5049 6968 5102 zu verleihen.
7077 5236 7720 5321 Deutſches Reich.
7047 5337 7755 5401 Bekanntmachung
6685 5398 8117 5465 zur Ergänzung der Bekanntmachung zum Bierſteuer⸗
7031 5458 7766 5514 geſetze vom 8. Auguſt 1918.
7110 5534 7678 5587 Vom 7. November 1918.
6788 5609 8120 5670 Der Bundesrat hat auf Grund des § 3 des Geſetzes über
6687 5662 8113 5719 die Ermächtigung des Bundesrats zu wirtſchaftlichen Maß⸗
6681 5713 8111 5773 nahmen uſw. vom 4. Auguſt 1914 (Reichs⸗Geſetzbl. S. 327)
6687 5766 8113 5827 für den Geltungsbereich des Bierſteuergeſetzes vom 26. Juli
6685 5818 8116 5881 1918 (Reichs⸗Geſetzbl. S. 863) folgende Verordnung erlaſſen:
7355 5897 7424 5944 § 1
6780 5939 8113 5998 Dem § 1 der Bekanntmachung zum Bierſteuergeſetze vom
6685 5986 8110 6045 8. Auguſt 1918 (Reichs⸗Geſetzbl. S. 1063) wird als Abſ. 2 folgende
6685 6035 7104 6084 Vorſchrift angefü t:
6965 6080 8113 6136 Jedoch wird Bier, das auf Anfordern der Heeres⸗
6888 6127 8111 6184 verwaltungen oder der Marineverwaltung an die Feld⸗
6890 6173 8117 6229 truppen zu liefern iſt, bis auf weiteres auch dann nach den
6894 6219 8112 6276 ermäßigten Sätzen für Einfachbier (§ 3 Abſ. 2 des Bier⸗
6898 6266 8110 6324 ſteuergeſetzes) verſteuert, wenn ſein Stammwürzegehalt mehr
6896 6312 7482 6364 als 4,5 vom Hundert beträgt.
7353 6374 7429 6420 § 2
6777 6416 8116 6473 Dieſe Verordnung wird mit Wirkung vom 1. Oktober 1918 ab
6680 6462 8115 6524 in Kraft geſetzt. Der Reichskanzler beſtimmt den Zeitpunkt des
6672 6512 7041 6566 Außerkrafttretens.
6789 6566 7504 6623 Berlin, den 7. November 1918.
7174 6630 7594 6689 Der Reichskanzler.
7099 6691 7686 6757 Im Auftrage: Schiffer.
8662 2054 9168 2105 Verordnung
8358 2115 9481 2169 über die wirtſchaftliche Demobilmachung.
8636 2192 9206 2246 Vom 7. November 1918.
8311 2264 9640 2322 Der Bundesrat hat auf Grund des § 3 des Geſetzes
8206 2317 9640 2373 über die Ermächtigung des Bundesrats zu wirtſchaftlichen
8203 2370 9632 2425 Maßnahmen uſw. vom 4. Auguſt 1914 (Reichs⸗Geſetzbl. S. 327)
8207 2422 8888 2478 folgende Verordnung erlaſſen:
8888 2492 8963 2536 § 1
8299 2533 9635 2583 Der Reichskanzler wird ermächtigt, die Anordnungen zu erlaſſen,
8203 2580 9638 2630 welche erforderlich ſind, um Störungen des Wirtſchaftslebens infolge
8205 2627 9550 2677 der wirtſchaftlichen Demobilmachung vorzubeugen oder abzuhelfen.
8302 2672 9633 2720 Dem Reichskanzler oder der von ihm zur Durchführung des Abſ. 1
8205 2719 9634 2768 beſtimmten Stelle wird ein Beirat beigegeben, der aus je einem Ver⸗
8203 2767 9638 2815 treter der im Bundesratsausſchuſſe für Handel und Verkehr ver⸗
8204 2813 9640 2866 tretenen Bundesſtaaten beſteht; in grundſätzlichen Fragen iſt der
8200 2859 8992 2910 Beirat zur Mitwirkung heranzuziehen.
8880 2918 8959 2967 2
8295 2961 9643 3012 Die Landeszentralbehörden beſtellen für die Bezirke der höheren
8203 3010 9640 3060 Verwaltungsbehö den oder für beſonders beſtimmte Bezirke De⸗
8200 3058 8734 3106 mobilmachungskommiſſare.
8298 3104 9642 3154 Der Reichskanzler kann für die Bezirke mehrerer höherer Ver⸗
8201 3152 9642 3201 waltungsbehörden, die zu verſchiedenen Bundesſtaaten gehören, oder
8201 3197 9640 3246 für Teile von ſolchen Bezirken nach Benehmen mit den beteiligten
8198 3244 9451 3296 Landeszentralbehörden Demobilmachungskommiſſare beſtellen.
8297 3290 9641 3339 Die Landeszentralbehörde kann für den ganzen Bereich des
8201 3335 9635 3387 Bundesſtaats einen Staatskommiſſar für Demobilmachung beſtellen.
8880 3395 8957 3444 § 3
8288 3440 9636 3491 In jedem Kommunalverbande wird ein Demobilmachungs⸗
8202 3489 9639 3536 ausſchuß e richtet. Die Landeszentralbehörde oder die von ihr be⸗
8204 3535 9636 3586 zeichnete Stelle kann anordnen, daß ein Demobilmachungsausſchuß
8201 3581 9640 3629 für mehrere Kommunalverbände oder für Teile eines Kommunal⸗
8204 3625 9484 3677 verbandes oder mehrerer Kommunalverbände eingerichtet wird.
8291 3674 9644 3726 Die Landeszentralbehörde oder die von ihr bezeichnete Stelle be⸗
8203 3718 9642 3770 ſtimmt die Zahl der Mitglieder des Demobilmachungsausſchuſſes und
8203 3768 9639 3818 ernennt den Vorſitzenden und die Mitglieder. Der Vorſitzende des
8204 3812 9642 3864 Demobilmachungsausſchuſſes muß ein Staats⸗ oder Kommunalbeamter
8206 3858 9636 3909 ſein. Unter den Mitgliedern muß ſich eine gleiche Anzahl von Ver⸗
8200 3906 9637 3956 tretern der Arbeitgeber und Arbeitnehmer befinden, bei deren Er⸗
8195 3953 9639 4007 nennung Vorſchläge der wirtſchaftlichen Organiſationen tunlichſt zu
8196 3997 8580 4047 berückſichtigen ſind.
8291 4046 9640 4094 Die Landeszentralbehörde oder die von ihr bezeichnete Stelle
8197 4094 9640 4145 ordnet den Geſchäftsgang der Ausſchüſſe durch eine Geſchäftsordnung.
8192 4138 9633 4190 Der Vorſitzende iſt berechtigt, in dringenden Fällen die Befugniſſe des
8198 4185 9003 4236 Demobilmachungsausſchuſſes auszuüben.
8877 4248 8957 4294 § 4
8286 4290 9629 4342 Der Reichskanzler kann die ihm im § 1 Abſ. 1 übertragenen
8197 4335 9634 4387 Befugniſſe auf die Landeszentralbehörden oder die Staatskommiſſare
8195 4383 9631 4436 für Demobilmachung und im Falle des § 2 Abſ. 2 auf die Demobil⸗
8191 4430 9632 4484 machungskommiſſare übertragen. Die Landeszentralbehörden und die
8193 4477 9626 4527 Staatskommiſſare für Demebilmachung können die ihnen über⸗
8194 4525 9629 4577 tragenen Befugniſſe auf die Demobilmachungskommiſſare übertragen.
8194 4569 9629 4624 Die Demobilmachungskommiſſare können ihre Befugniſſe weiter auf
8193 4616 9089 4670 die Demobilmachungsausſchüſſe übertragen.
8284 4663 9623 4714 Die Demobilmachungsorgane ſind befugt, zur Erreichung der im
8192 4709 9622 4759 § 1 Abſ. 1 bezeichneten Zwecke die Hilfe aller Staats⸗ und Gemeinde⸗
8191 4757 9581 4807 behörden ſowie aller militäriſchen Stellen in Anſpruch zu nehmen.
8871 4819 8946 4867 § 5
8283 4862 9628 4912 Die Landeszentralbehörden beſtimmen, wer als Kommunalverband
8187 4909 9622 4962 und als höhere Verwaltungsbebörde im Sinne dieſer Verordnung
8186 4956 8469 5009 anzuſehen iſt.
8864 5002 8945 5055 § 6
8281 5050 9630 5100 Wer den von dem Reichskanzler oder den gemäß dieſer Verord⸗
8184 5098 9628 5148 nung eingeſetzten Demobilmachungsorganen auf Grund des § 1 Abſ. 1
8188 5145 9624 5195 und des § 4 Abſ. 1 erlaſſenen allgemeinen oder beſonderen An⸗
8179 5191 9626 5240 ordnungen vorſätzlich zuwiderhandelt, wird mit Geldſtrafe bis zu ein⸗
8186 5236 9624 5288 hunderttauſend Mark beſtraft. Die Strafverfolgung tritt nur auf
8187 5282 9631 5337 Antrag des Staatskommiſſars oder des Demobilmachungskommiſſars ein.
8867 5347 8944 5393 § 7
8280 5389 9614 5442 Dieſe Verordnung tritt mit dem Tage der Verkündung in Kraft.
8182 5435 9625 5491 Der Bundesrat beſtimmt, wann und inwieweit ſie außer Kraft tritt.
8293 5495 9007 5549 Berlin, den 7. November 1918.
8689 5556 9115 5618 Der Reichskanzler.
8453 5622 9344 5683 In Vertretung: Freiherr von Stein.
8547 5770 9249 5826 Bekanntmachung
8179 5834 9627 5892 über die Erweiterung des Notenausgaberechts der
8477 5886 9327 5943 Württembergiſchen Notenbank.
8610 5962 9192 6015 Vom 7. November 1918.
8287 6037 9621 6099 Der Bundesrat hat auf Grund des § 3 des Geſetzes
8180 6089 9625 6150 über die Ermächtigung des Bundesrats zu wirtſchaftlichen
8178 6141 9618 6206 Maßnahmen uſw. vom 4. Auguſt 1914 (Reichs⸗Geſetzbl. S. 327)
8179 6194 8873 6249 folgende Verordnung erlaſſen:
8860 6262 8937 6307 § 1
8271 6304 9627 6363 Die Württembergiſche Regierung wird ermächtigt, für die
8181 6350 9626 6409 Württembergiſche Notenbank in Stuttgart die Befugnis zur Aus⸗
8179 6397 9625 6459 gabe von Banknoten bis zum Höchſtbetrage von 50 Millionen Mark
8181 6446 8449 6498 zu erweitern.
8840 6491 8949 6541 § 2
8272 6536 9620 6602 Die Verordnung tritt mit dem Tage der Verkündung in Kraft.
8232 6595 8962 6649 Berlin, den 7. November 1918.
8691 6662 9098 6718 Der Reichskanzer.
8464 6704 9351 6789 In Vertretung: Freiherr von Stein.
