9624 7848
463 493 1852 539 die unberührt von der Not des Volkes abſeits ſtehen! An
464 538 1833 595 ſie richtet ſich unſer dringenden Appell zur Menschenflucht
463 586 1849 632 Auch die Zukunft wird von uns allen ſchwere Opfer fordern wenn
461 632 1851 681 wir unſere nationale Exiſtenz erhalten und ſichern wollen. Zur
460 676 1852 724 Erreichung dieſes Zieles iſt mehr denn je gerade heute der Wille der
458 717 1849 772 ganzen deutſchen Volks zur Zuſammengehörigkeit notwendig. Nicht
455 769 1848 817 in dem Widerſtreit der Intereſſen und Ideen, nicht in dem täglichen
457 811 1848 861 Betonen der beſtehenden Gegenſätze liegt der Weg zur Zukunft
458 858 1847 905 unſeres Volks, ſondern im Hervorheben des Gemeinſchaftlichen im
455 901 1847 963 Willen zur Volkszugehörigkeit, die unſerer aller Schickſalsgemeinſchaft
454 947 1847 998 iſt Daß dieſer Rille und dieſer Geiſt der Sammlung das deutſche
454 992 1844 1042 Volk im neuen Jahre mehr als bisher leiten möge, iſt mein herz⸗
453 1038 1845 1085 lichſter Wunſch am heutigen Tage, hierzu nach beſten Kräften bei⸗
454 1086 1844 1133 zutragen, die aufrichtige Bitte, die ich an Sie. meine Herren, richte!“
563 1142 1847 1193 Hiernach empfing der Reichspräſident den Reichstags⸗
448 1191 1844 1247 präſidenten Loebe und den Vizepräſidenten Dr. Rieſſer,
448 1243 1844 1294 die ihm die Glückwünſche des Reichstags übermittelten und die
452 1294 1841 1350 Hoffnung ausſprachen, daß das neue Jahr durch Erleichterung
452 1344 1841 1400 der außenpolitiſchen Lage wie durch innere Sanierung dem
452 1395 1357 1450 deutſchen Volke ſegensreich werden möge.
559 1447 1841 1499 Der Reichspräſident erwiderte die Wünſche mit Worten
450 1498 1839 1555 des Dankes und gab der Erwartung Ausdruck, daß der Reichstag,
450 1548 1841 1607 deſſen Tätigkeit durch die dringende Not der finanziellen Lage
447 1601 1840 1654 zurzeit etwas in den Hintergrund getreten ſei, bald wieder in
443 1650 1750 1708 ſeine vollen Rechte und ſeine ganze Arbeit eingeſetzt werde.
556 1702 1838 1758 Anſchließend ſprach eine Abordnung des Reichsrats
447 1751 1774 1808 dem Reichspräſidenten die Glückwünſche des Reichsrats aus.
553 1804 1837 1861 Später übermittelten Vertreter der Heeres⸗ und der
448 1853 1834 1914 Marineleitung dem Reichspräſidenten die Wünſche des
445 1904 1641 1963 Reichsheeres und der Reichsmarine zum neuen Jahre.
549 2035 1835 2091 Der Geſandte des Königsreichs der Serben, Kroaten und
445 2087 1835 2143 Slowenen Markovic hat Berlin verlaſſen. Die Geſchäfte der
444 2136 1831 2196 Geſandtſchaft werden bis auf weiteres von dem Legationsrat
442 2188 1041 2242 Dr. Mihajlovič geführt.
862 2392 1414 2436 Handel und Gewerbe.
776 2461 1496 2516 Berlin, den 2 Januar 1924.
509 2532 1753 2589 Telegraphiſche Auszahlung (in Millionen).
1023 2642 1214 2686 2. Januar
1454 2641 1729 2691 31. Dezember
975 2695 1070 2741 Geld
1199 2696 1307 2746 Brief
1444 2699 1543 2746 Geld
1676 2704 1778 2747 Brief
431 2742 857 2797 Amſterd.⸗Rotterdam
940 2751 1105 2797 1615950
1174 2754 1334 2799 1624050
1414 2757 1575 2799 1596000
1641 2758 1802 2803 1604000
433 2788 718 2841 Buenos Aires
480 2840 722 2881 (Papierpeſo)
941 2845 1098 2882 1326675
1171 2842 1326 2886 1333325
1415 2849 1566 2887 326675
1639 2851 1800 2890 1333325
429 2880 857 2929 Brüſſel u. Antwerpen
958 2890 1098 2928 189525
1187 2891 1329 2930 190475
1433 2890 1566 2936 189525
1664 2897 1799 2934 190475
427 2931 651 2978 Chriſtiania
957 2933 1096 2975 613463
1186 2934 1327 2982 616537
1424 2940 1574 2981 618450
1659 2942 1801 2980 621550
430 2978 662 3022 Kopenhagen
432 3019 762 3068 Stockholm und
956 2980 1096 3018 746130
1186 2979 1330 3030 749870
1432 2985 1564 3023 747128
1660 2986 1800 3025 750872
478 3068 712 3110 Gothenburg
939 3072 1098 3109 1113210
1168 3069 1324 3115 1118790
1405 3076 1564 3116 111215
1639 3079 1799 3116 1116785
428 3109 651 3162 Helſingfors
960 3113 1094 3160 102742
1185 3117 1322 3161 103258
1430 3123 1572 3162 102742
1659 3124 1797 3162 103258
430 3149 577 3200 Italien
959 3154 1094 3204 184538
1188 3164 1328 3208 185462
1433 3169 1564 3206 183540
1657 3167 1801 3210 184460
426 3200 578 3246 London
915 3209 1097 3246 18154500
1145 3206 1325 3253 18245500
1385 3213 1571 3251 8254250
1609 3214 1798 3255 18345750
426 3246 643 3294 New York
931 3254 1093 3292 4189500
1162 3253 1331 3297 4210500
1402 3259 1562 3299 4189500
1632 3262 1797 3299 4210500
427 3291 544 3338 Paris
953 3300 1093 3338 216458
1181 3302 1326 3345 217542
1421 3302 1562 3344 216957
1655 3307 1795 3345 218043
424 3337 595 3392 Schweiz
959 3344 1092 3382 7 40145
1182 3347 1321 3385 743855
1421 3347 1563 3389 738150
1661 3350 1797 3390 741850
429 3383 606 3430 Spanien
953 3390 1089 3429 547628
1177 3389 1323 3434 550372
1420 3392 1561 3437 547628
1654 3395 1795 3436 550372
422 3426 854 3478 Liſſabon und Oporto
953 3434 1094 3475 138652
1179 3439 1323 3479 139348
1430 3441 1561 3480 138652
1652 3440 1797 3485 139348
424 3474 555 3521 Japan
929 3478 1093 3523 1975050
1164 3479 1320 3525 1984950
1405 3483 1562 3529 1975050
1626 3489 1799 3525 198495
413 3518 741 3565 Rio de Janeiro
952 3523 1115 3570 393015*
1175 3528 1343 3578 394985 †
1422 3529 1561 3576 393015
1642 3534 1799 3577 394985
421 3564 538 3614 Wien
959 3569 1091 3614 59,850
1193 3571 1323 3617 60.150
1433 3572 1555 3620 59,451
1665 3581 1794 3622 59,749
429 3607 526 3659 Prag
951 3614 1092 3664 123440
1180 3618 1322 3662 124060
1429 3623 1562 3662 123440
1656 3626 1795 3665 124060
421 3657 845 3708 Jugsſlawien (Agram
471 3707 742 3753 und Belgrad)
469 3747 846 3797 4 = 1 Dinar
973 3754 1085 3793 47481
1202 3756 1319 3794 47719
1445 3759 1555 3798 47481
1676 3761 1792 3799 47719
418 3791 608 3843 But ſt
935 3795 1090 3840 220,946
1166 3799 1322 3844 222,054
1407 3804 1568 3847 219,450
1638 3807 1790 3849 220,550
422 3839 537 3889 Sofia
971 3843 1090 3888 29925
1203 3842 1322 3890 30075
1441 3847 1567 3892 29925
1675 3851 1791 3893 30075
420 3892 734 3932 Konſtantinopel
997 3898 1041 3930 —
1202 3902 1245 3936 —
1470 3902 1520 3935 —
1673 3908 1722 3936 —
509 3942 1457 3999 Am 28. Dezember: * 393015G, † 394985B.
525 4075 1690 4134 Ausländiſche Banknoten ſin Millionen).
527 4195 736 4246 Bank
1048 4171 1206 4209 Januar
1445 4166 1710 4212 31. Dezember
955 4225 1058 4267 Geld
1191 4227 1300 4273 Brief
1448 4233 1542 4273 Geld
1683 4232 1789 4281 Brief
407 4258 838 4312 Amerik. 1000⸗5 Doll.
925 4269 1141 4318 4189500*)
1166 4277 1324 4313 4210500
1418 4279 1579 4321 4189500
1648 4284 1812 4320 4210500
478 4312 853 4356 „ 2 u. 1 Doll.
927 4317 1146 4363 4189500*)
1165 4322 1326 4359 4210500
1418 4326 1627 4370 4189500 *)
1647 4330 1811 4367 4210500
411 4351 596 4400 Belgiſche
960 4364 1097 4402 187530
1187 4367 1327 4407 188470
1438 4368 1579 4411 177555
1670 4372 1807 4417 178445
411 4398 644 4444 Bulgariſche
973 4406 1106 4453 27930
1200 4411 1324 4452 28070
1460 4416 1574 4456 26933
1693 4421 1807 4457 27067
413 4444 592 4489 Däniſche
949 4449 1098 4499 743138
1182 4453 1323 4501 746862
1437 4456 1577 4504 740145
1666 4459 1806 4506 743855
410 4488 727 4538 Engliſche große
908 4495 1126 4546 18154500*)
1144 4504 1321 4542 18245500
1389 4501 1576 4548 18254250
1623 4511 1807 4548 18345750
504 4541 823 4582 „ 1 £ u. dar
906 4543 1094 4587 18154500
1134 4547 1328 4590 18245500
1397 4552 1575 4590 18254250
1625 4556 1809 4594 18345750
411 4579 588 4626 Finniſche
952 4583 1088 4634 102743
1186 4592 1320 4636 103257
1460 4598 1574 4636 99750
1672 4603 1808 4640 100250
411 4630 642 4675 Franzöſiſche
946 4633 1089 4680 217455
1181 4636 1318 4684 218545
1432 4639 1573 4687 216956
1666 4648 1805 4686 218044
411 4671 648 4718 Holländiſche
926 4675 1089 4725 1605975
1148 4687 1310 4723 1614025
1413 4685 1572 4733 1594005
1646 4693 1806 4731 1601995
410 4716 643 4765 Italieniſche
948 4724 1090 4768 186034
1180 4728 1321 4776 186966
1435 4731 1573 4776 184538
1669 4740 1806 4777 185462
410 4764 688 4810 Jugoſlawiſche
970 4775 1084 4811 40898
1199 4773 1321 4819 41102
1458 4779 1571 4818 37905
1689 4784 1804 4822 38095
405 4809 642 4856 Norwegiſche
944 4814 1082 4861 612465
1177 4817 1315 4865 615535
1429 4820 1571 4868 610470
1664 4829 1805 4868 613530
407 4851 704 4900 Oeſterreichiſche
957 4864 1085 4907 59,102
1188 4863 1318 4911 59,398
1444 4869 1569 4913 57,855
1676 4876 1803 4916 58,145
411 4901 834 4949 Rumäniſche 1000 Lei
967 4909 1084 4948 21197
1197 4909 1317 4954 21303
1455 4917 1570 4956 20449
1686 4921 1796 4958 20551
510 4951 835 4996 „ unter 500 Lei
969 4941 1008 4991 —
1173 4963 1219 4999 —
1457 4962 1568 5001 16958
1689 4966 1802 5005 17042
409 4987 643 5039 Schwediſche
920 4993 1083 5045 1112213
1153 5001 1316 5045 1117787
1409 5003 1568 5051 1106228
1638 5008 1805 5057 1111772
410 5034 608 5084 Schweizer
946 5044 1083 5092 740120
1173 5048 1317 5091 743880
1429 5050 1567 5098 733163
1659 5056 1803 5100 736837
410 5080 613 5126 Spaniſche
941 5088 1084 5135 545633
1174 5090 1317 5137 548367
1429 5096 1573 5139 541643
1662 5103 1801 5142 544357
407 5125 827 5176 Tſchechoflow., neue
457 5172 824 5221 100 Kr. u. darüber
946 5179 1086 5225 122942
1173 5181 1314 5229 123558
1433 5185 1566 5232 120199
1663 5195 1794 5234 120801
406 5217 819 5266 Staatsnot. u. 100 Kr.
942 5225 1089 5270 122194
1172 5229 1314 5270 122806
1433 5229 1565 5279 118703
1658 5237 1801 5279 119297
404 5261 773 5310 Ungariſche Bankn.
927 5271 1087 5319 119,700
1166 5274 1318 5319 120,300
1414 5274 1567 5322 115 710
1652 5282 1802 5325 116,290
502 5320 1808 5391 Die Notiz „Telegraphiſche Auszahlung“ ſowie „Banknoten“ ver⸗
408 5366 1796 5435 ſteht ich für je 1 Gulden, Frank, Krone, Finnländiſche Mark, Lire,
407 5411 1792 5476 Peſeta, Escudo, Lei. Leva. Dinar, Pfund Sterling. Dollar. Peſo
403 5459 1732 5523 Pen und Milreis. *) Ohne Umſatz.
2017 500 3309 552 Ueber die See⸗ und Binnenſchiffahrt im Jahr 1923
1928 546 3311 596 teilt die Handelskammer in Hamburg u. a mit. In der See⸗
1928 590 3310 641 chittabri hat das Jahr 1923 den Abſchluß des Wiederaufbau⸗
1927 640 3311 688 programms gebracht, das die deutſchen Reedereien verpflichtete,
1925 682 3310 734 ein Dritel der verlorenen Tonnage unter Benutzung der Abfindungs⸗
1926 729 3309 774 ummen wiederherzuſtellen. Die Schiffbau⸗Treuhandbank trat
1924 772 3309 821 nach Verauegabung der von ihr zu verwaltenden Reichsmittel im
1925 817 3308 870 Oktober in Liquidation, ſo daß der weitere Ausbau der Fkotte völlig
1922 865 3307 916 auf die eigene Kraft der Reedereien geſtellt iſt Neubauten werden
1925 909 3306 956 in abſebbaren Zeit nicht möglich ſein. zuma manche Reedereien ſchon
1922 954 3307 1006 in einen Zeit noch gewinnbringender Beſchäftigung die zur Ergänzung
1921 1001 3306 1050 der Reichsgelder notwendigen Mittel nicht aufzubringen vermochten.
1921 1043 3307 1095 Das Ladungsangebot nahm ſtetig ab Das Paſſagegeſchäft war An⸗
1921 1091 3306 1140 tang des Jahres noch zuſriedenſtellend, ging aber mit der ſteigenden
1918 1133 3307 1186 Teuerung in Deutſchland erheblich zurück. Die Erſchwerung der
1919 1176 3306 1233 Einwanderung in vielen überſeeiſchen Ländern beſchräntte die Ausnutzung
1917 1227 3307 1272 des weiteren In ihren Einnahmen ſind die Linien wieder wie in Vor⸗
1917 1272 3298 1322 kriegszeiten an die verſchiedenen Pools oder Frachtkonventionen gebunden,
1916 1316 3303 1368 die es nicht zulaſſen, den veränderten Verhältniſſen ſich anpaſſende
1915 1361 3301 1413 Frachten von Fall zu Fall zu normieren In der Binnenſchiff⸗
1914 1406 3298 1460 fahrt waren auf der Elve und auf den märkiſchen Waſſerſtraßen
1914 1452 3298 1504 Schiffahrtsverhältniſſe Anfang 1923 zunächſt günſtig; nur im Februar
1913 1498 3297 1549 erſchwerte Hochwaſſer und ſpäterhin Eisgang den Verkehr, ſo daß in
1911 1543 3298 1594 der Tſchecho⸗Slowakei für kurze Zeit die Winterſchutzhäfen
1912 1589 3299 1639 aufgeſucht werden mußten. Erſt im Juli zeigten ſich wieder
1912 1634 3296 1685 Erſchwerungen durch Niedrigwaſſer, die aber zu eigentlichen
1910 1679 3300 1726 Stockungen nicht führten da ſich die Schiffahrtskreiſe und die
1906 1723 3297 1774 Handelskammer durch Regelung der Tauchtiefen um die Sicher⸗
1907 1772 3297 1819 ſtellung des Vertehrs bemühten. Der Güterverkehr war in der Rich⸗
1908 1818 3294 1869 tung zu Berg von Hamburg aus das ganze Jahr hindurch unge⸗
1906 1863 3295 1909 nügend. Die jeeſeitigen Zufuhren mußten zum Abtransport in das
1906 1902 3170 1963 Inland zum großen Teil dem Schienenwege überlaſſen werden.
1996 2097 3291 2153 Stockholm, 28. Dezember. (W. T. B.) Wochenausweis der
1903 2142 3259 2197 ſchwediſchen Reichsbank vom 22. Dezember (in Klammer
1902 2188 3288 2244 der Stand vom 15. Dezember) in Kronen: Metallvorrat 271 870 384
1901 2234 3289 2289 (271 934 670), Ergänzungsnotendeckung 632 522 726 (618 290 570),
1901 2280 3288 2334 davon Wechſel auf Inland 429 582 161 (412 857 002), davon Wechſel
1899 2326 3289 2375 auf Ausland 1 032 524 (1 106 524), Notenumlauf 547 069 229
1899 2372 3286 2424 (524 785 665), Notenreſerve 121 671 538 (144 083 175), Girokonto⸗
1903 2412 2627 2468 guthaben 310 505 244 (321 089 094).
1998 2567 3289 2622 Nach dem Wachenbericht der Preisberichtſtelle des
1897 2613 3288 2663 Deutſchen Landwirtſchaftsrats vom 25. bis 31. De⸗
1897 2659 3286 2711 zember 1923 ſtellten ſich die Schlachtviehpreiſe je Pfund Lebendgewicht:
2335 2715 2466 2765 Berlin
2298 2762 2492 2815 29. Dezbr.
2542 2721 2758 2764 Mannheim
2556 2767 2747 2813 27. Dezbr.
2827 2719 2989 2768 Breslau
2811 2768 3003 2814 28. Dezbr.
3062 2724 3264 2770 Köln, Rh.
3062 2770 3263 2816 27. Dezbr.
2617 2823 2963 2871 Goldpfennige
1897 2871 2269 2923 Ochſen a)
2334 2878 2475 2916 50 — 52
2631 2877 2684 2928 —
2843 2884 2984 2922 45 — 50
3099 2884 3239 2922 80 — 85
2223 2917 2265 2967 b)
2333 2924 2473 2961 42 — 46
2630 2923 2680 2974 —
2843 2928 2985 2966 45 — 50
3098 2930 3245 2971 80 — 85
2225 2963 2267 3013 8)
2332 2968 2474 3010 38 — 41
2634 2969 2682 3019 —
2843 2972 2984 3012 36 — 42
3099 2975 3241 3013 70 — 75
2224 3008 2264 3058 d)
2334 3013 2475 3054 30 — 35
2634 3016 2685 3067 —
2888 3027 2942 3059 —
3100 3020 3241 3058 55 — 60
1891 3055 2266 3103 Bullen a)
2333 3060 2472 3099 46 — 50
2635 3058 2679 3110 —
2840 3063 2986 3104 45 — 55
3098 3065 3240 3104 75 — 80
2224 3099 2265 3150 b)
2333 3103 2476 3146 40 — 45
2635 3104 2682 3156 —
2843 3109 2981 3150 39 — 44
3097 3112 3237 3149 60 — 70
2224 3144 2261 3194 8)
2377 3149 2419 3188 37
2627 3149 2678 3200 —
2839 3153 2981 3196 32 — 38
3139 3158 3193 3193 —
1889 3191 2261 3239 Färſen u. Kühe a)
2329 3197 2470 3234 40 — 48
2628 3196 2681 3246 —
2839 3201 2979 3238 45 — 53
3093 3199 3238 3242 80 — 85
2220 3235 2263 3285 b)
2326 3241 2470 3282 40 — 48
2629 3242 2678 3292 —
2840 3246 2980 3284 45 — 53
3094 3247 3237 3285 70 — 75
2221 3280 2260 3330 8)
2330 3285 2472 3327 30 — 35
2631 3286 2683 3337 —
2842 3291 2981 3329 36 — 44
3095 3293 3236 3332 55 — 60
2220 3326 2261 3376 d)
2329 3333 2469 3374 24 — 28
2628 3333 2679 3384 —
2837 3336 2977 3374 30 — 35
3092 3340 3236 3377 40 — 50
2220 3374 2259 3424 8)
2329 3378 2468 3419 18 — 22
2627 3376 2674 3426 —
2836 3383 2976 3421 20 — 28
3092 3379 3237 3424 25 — 35
1882 3415 2263 3468 Kälder a)
2375 3423 2422 3466 —
2628 3421 2677 3472 —
2884 3429 2932 3471 —
3140 3435 3186 3469 —
2214 3463 2256 3513 5)
2323 3466 2467 3512 90 — 95
2581 3470 2720 3510 67 — 68
2837 3473 2978 3512 70 — 80
3093 3475 3268 3518 90 — 100
2215 3510 2257 3560 c)
2325 3515 2466 3551 80 — 85
2581 3516 2721 3555 84 — 66
2837 3519 2978 3557 60 — 70
3092 3519 3235 3558 75 — 85
2216 3553 2259 3604 d)
2327 3558 2470 3602 60 — 70
2582 3561 2722 3605 62 — 64
2834 3562 2982 3606 42 — 58
3094 3565 3235 3604 65 — 79
2216 3605 2257 3650 e)
2323 3606 2472 3646 40 — 50
2584 3607 2726 3646 58 — 60
2836 3608 2985 3651 30 — 40
3135 3608 3192 3659 —
1883 3643 2040 3692 Schafe:
1935 3693 2256 3739 Stallmaſt. a)
2326 3696 2464 3734 47 — 53
2582 3698 2722 3737 28 — 34
2837 3702 2977 3741 45 — 50
3134 3698 3188 3748 „
2214 3733 2259 3784 b)
2322 3742 2465 3779 40 — 45
2580 3744 2723 3782 26 — 30
2835 3746 2976 3784 40 — 45
3134 3742 3188 3792 —
2214 3781 2251 3831 8)
2323 3787 2461 3825 25 — 35
2580 3788 2720 3826 24 — 26
2836 3792 2977 3830 25 — 32
3135 3789 3188 3839 —
1933 3828 2261 3877 Weidemaſt. a)
2326 3833 2470 3871 50 — 55
2629 3839 2673 3876 —
2883 3843 2931 3884 —
3059 3838 3239 3877 45 — 50
2215 3871 2259 3922 5)
2323 3876 2468 3919 35 — 45
2581 3878 2722 3917 22 — 24
2879 3887 2930 3928 —
3130 3892 3188 3922 —
1885 3918 2262 3966 Schweine a)
2372 3926 2416 3966 —
2581 3925 2720 3963 84 — 88
2836 3927 2976 3965 85 — 90
3133 3931 3188 3967 —
2204 3969 2255 4010 b)
2326 3967 2467 4006 75 — 80
2581 3970 2719 4009 86 — 88
2836 3970 2977 4013 85 — 90
3087 3973 3257 4017 90 — 100
2217 4009 2254 4059 c)
2324 4013 2463 4051 75 — 80
2578 4017 2718 4054 82 — 84
2832 4019 2976 4054 80 — 88
3088 4020 3253 4046 90 — 100
2212 4051 2254 4102 d)
2327 4053 2462 4093 70 — 75
2573 4056 2720 4087 80 — 82
2835 4041 2971 4093 75 — 85
3087 4052 3251 4091 80 — 100
2214 4080 2251 4131 e)
2322 4086 2464 4128 65 — 70
2577 4088 2719 4128 76 — 82
2879 4098 2925 4141 —
3087 4098 3228 4135 60 — 70
2222 4132 2256 4171 f)
2327 4132 2467 4170 60 — 62
2625 4128 2671 4179 —
2881 4142 2923 4182 —
3127 4145 3184 4184 —
2213 4176 2254 4226 7)
2327 4168 2463 4219 60 — 70
2622 4174 2669 4225 —
2834 4184 2969 4223 60 — 75
3128 4188 3181 4228 —
1973 4296 3275 4360 Berlin, 31. Dezember. (W. T. B.) Richtpreiſe in
1881 4338 3268 4399 Berlin im Nahrungsmittelgroßhandel und im
1880 4384 3266 4453 Verkehrmildem Einzelhandel, in Originalpackung, offiziell
1879 4431 3268 4495 feſtgeſtellt durch den Landesverband Berlin und Brandenburg des Reichs⸗
1875 4472 3268 4543 verbandes des Deutſchen Nahrungsmittelgroßhandels, E. V., Berlin.
1878 4515 3269 4586 Die Preiſe verſtehen ſich, für 50 kg ab kager Berlin. In
1879 4562 3265 4634 Goldmark: Gerſtengraupen loſe 21,65 — 22,05 ℳ, Gerſtengrütze,
1875 4608 3267 4678 loſe 21,65 — 22,05 ℳ, Haferflocken, loſe 22,10 — 22,50 ℳ, Hafer⸗
1874 4655 3267 4722 grütze, loſe 22,35 — 22,50 ℳ, Maisgrieß 20,65 — 20,95 ℳ, Mais⸗
1879 4698 3265 4768 puder, loſe 24,50 — 24,75 ℳ, Roggenmehl 0/1 16,50 — 16,80 ℳ,
1876 4745 3269 4813 Weizengrieß 21,00 — 22,45 ℳ, Hartgrieß —,— bis —,— ℳ, 70 %
1874 4789 3263 4858 Weizenmehl 17,00 — 19,00 ℳ, Weizenauszugmehl 21,50 — 22,15 ℳ,
1874 4835 3266 4906 Speiſeerbſen, Viktoria 36,75 — 38,05 ℳ, Speiſeerbſen, kleine
1874 4883 3262 4955 30,00 — 31,70 ℳ, Bohnen, weiße, Perl 29,45 — 31,50 ℳ,
1874 4935 3264 4999 Langbohnen, handverleſen, 34,45 — 35,15 ℳ, Linſen, kleine 27,75
1874 4974 3265 5046 bis 33,95 ℳ, Linſen, mittel 34,65 — 44,40 ℳ, Linſen, große
1871 5018 3264 5091 44,55 — 51,70 ℳ, Kartoffelmehl 23,10 bis —,— ℳ, Makkaroni, loſe
1869 5062 3264 5134 42,20 bis —,— ℳ, Schnittnudeln, loſe 32,50 bis —,— ℳ, Burma II un⸗
1869 5117 3261 5183 glaſiert 23,50 bis —,— ℳ, Siam Patna l, glat. 29,90 dis —,— ℳ, grober
1874 5157 3264 5226 Bruchreis 19,15 bis —,— ℳ, Reisgrieß u. ⸗mehl, loſe 14,25 bis —,— ℳ,
1869 5203 3259 5272 Ringäpfel, amer. extra choice 105,55 bis —,— ℳ, getr. Aprikoſen, cal.
1872 5250 3259 5318 fancy 134,75 bis —,— ℳ, getr. Birnen, cal. fancy 105,50 bis —,— ℳ,
1870 5296 3264 5365 getr. Pfirſiche, cal. extr. choice 88,52 bis —,— ℳ, getr. Pflaumen
1868 5335 3260 5409 54,45 bis —,— ℳ, Korinthen in Kiſten choice 88,50 bis —,— ℳ,
1868 5385 3257 5456 Roſinen in Kiſten 72,20 dis —,— ℳ. Sultaninen in Kiſten 104,25
1867 5432 3257 5504 bis —,— ℳ, Mandeln, bittere Bari 105,70 bis —,— ℳ, Mandeln,
1866 5477 3260 5547 ſüße Avola 161,50 bis —,— ℳ, Kaneel 190,41 bis —,— ℳ, Kaſſia
3386 506 4761 569 Vera 130,18 bis —,— ℳ, Kümmel, holl 153,50 bis —,— ℳ Nelken
3379 547 4762 607 Zanzibaz 266,47 bis —. — ℳ ſchwarzer Pfeffer Singapore 114 19 bis
3383 600 4761 652 —,— ℳ weißer Pfeffer 144,24 bis —. — ℳ, Piment Jamaika 84,68
3383 642 4764 699 bis —,— ℳ, Kaffee prime roh 196,00 dis —. — ℳ, Kaffee superior
3389 688 4761 742 178,00 bis —,— ℳ Röſtkaffee, Braſil 254,00 bis —,— ℳ Röſt⸗
3382 732 4760 785 kaffee. Zentralamerika 350,00 bis —. — ℳ Malzkaffee, loſe 30,00 bis
3382 782 4760 835 —,— ℳ, Röstgetreide, loſe 22,00 bis —. — ℳ, Erſatzmiſchung mit 20 %
3379 824 4760 877 Kaffee gepackt 90,00 bis —,— ℳ Kakaopulver, loſe, fettarm 180,00 bis
3380 872 4757 920 —,— ℳ Tee in Kiſten Souchon 360,00 bis —,— ℳ, Inlands⸗
3378 915 4760 966 zucker basis melis —,— bis —,— ℳ, Inlandszucker Raffinade —,—
3379 961 4761 1013 bis —,— ℳ, Zucker Würfel —,— bis —,— ℳ. Kunſthonig —,—
3375 1005 4756 1060 bis —,— ℳ, Marmelade, Einfrucht, Erdbeer I 111,50 bis —,— ℳ,
3379 1052 4761 1102 Marmelade, Vierfrucht 61,00 — 64,00 “ Siedeſalz in Säcken —,—
3376 1091 4754 1152 bis —,— ℳ, Steinſalz m Säck n —,— bis —. — ℳ, Siedeſalz in Packung
3372 1140 4754 1194 —,— bis —. —., Steinſalz in Packung bis —,— ℳ. Bratenſchmalz
3378 1187 4754 1237 in Tierces 88,00 bis —,— ℳ, Bratenſchmalz in Kübeln 89,00 bis
3370 1234 4753 1283 —,— ℳ, Purelard in Tierces 86,00 bis —,— ℳ, Purelard in Kiſten
3376 1279 4750 1329 88,00 bis —,— ℳ, Margarine, Handelsmarke II 59,00 ℳ, I 62,50 ℳ,
3377 1323 4753 1371 Margarine, Spezialmarke II 66,00 ℳ, 1 76,50 ℳ. Molkereibutter
3369 1370 4753 1417 —,— bis —,— ℳ, Corned beef 12/6 lbs per Kiſte 42,00 bis
3366 1412 4751 1464 —,— ℳ. Corned beef 24 Doſen zu je 24 Unzen —,— bis
3366 1461 4752 1511 —,— ℳ, Corned beef 48 Doſen zu je 12 Unzen —,— bis
3370 1501 4750 1554 —,— ℳ, Speck, geſalzen, fett 90 00 bis —,— ℳ. Quadratkäſe 75,00
3372 1549 4749 1600 bis —,. — ℳ, Quargkäle 80,00 bis —,— ℳ, Tilſiter Käſe, vollfett
3376 1596 4753 1646 140,00 bis —,—. ℳ, Tilſiter Käſe, halbfett 95,00 bis —,— ℳ. —
3371 1639 4401 1689 Umrechnungszahl: 1000 Milliarden = 1 Goldmark.
3474 1808 4640 1860 Berichte von auswärtigen Deviſen⸗ und
3774 1864 4335 1913 Wertpapiermärkten.
3939 1932 4171 1979 Deviſen.
3461 1987 4741 2041 Prag 31. Dezember. (W. T. B.) Notierungen der Deviſen⸗
3365 2033 4746 2085 zentrale (Durchſchnittskurſe): Amſterdam 1305,00, Berlin 7,50*),
3364 2078 4743 2136 Chriſtiania 504,00, Kopenhagen 608,00, Stockholm 908,00. Zürich
3363 2124 4740 2174 599,00, London 149,00, New York 34,30, Wien 4,84, Marknoten
3364 2166 4748 2224 7,15*), Polniſche Noten 6,00, Paris 175,50, Italien 148,75. —
3363 2215 3748 2259 *) für eine Billion.
3457 2257 4739 2312 London, 31. Dezember. (W.T.B.) Deviſenkurſe. Paris 84,75,
3364 2301 4739 2362 Belgien 96,30, Schweiz 24,75, Holland 11,39 ¾, New York 4,32,37,
3363 2347 4737 2405 Spanien 33,54, Italien 100,12, Deutſchland 19 000 000 000 000, Wien
3360 2396 3862 2441 307 500 Bukareſt —,—.
3453 2438 4740 2495 Amſterdam, 31. Dezember. (W.T.B.) Die Börſe bleibt
3361 2483 3694 2533 heute geſchloſſen.
3453 2534 4736 2589 Zürich, 31. Dezember. (W. T. B.) Deviſenkurſe. Berlin
3363 2578 4734 2629 1,35 Frank für eine Billion, Wien 0,00,80 ¾. Prag 16,67 ½, Holland
3359 2625 4737 2678 217,50, New York 5,72 ¾, London 24,82. Paris 29,30, Italien
3356 2664 4735 2722 24,82 ½, Brüſſel 25,65, Kopenhagen 102,00, Stockholm 151,25,
3360 2711 4738 2770 Chriſtiania 84,00, Madrid 74,25, Buenos Aires 181,50, Budapeſt
3356 2753 4427 2811 0, 03, 05, Warſchau —,—, Belgrad 6,45, Sofia 4,05.
3447 2803 4736 2855 Kopenhagen, 31. Dezember. (W. T. B.) Deviſenkurſe.
3355 2851 4734 2908 London 24,45, New York 5,65 ½, Hamburg —,—, Paris 29,15
3356 2891 4731 2952 Antwerpen 25,50, Zürich 98,80. Nom 24,65, Amſterdam 215,10,
3357 2936 4732 2995 Stockholm 149,35, Chriſtiania 82,90, Helſingfors 13,98, Prag 16,44.
3449 2984 4733 3043 Stockholm, 31. Dezember. (W. T. B.) Deviſenkurſe. London
3357 3026 4730 3087 16,41, Berlin 0,95 für eine Billion, Paris 19,40, Brüſſel 17,25,
3356 3072 4729 3132 ſchweiz. Plätze 66,30, Amſterdam 144,15, Kopenhagen 67,20
3354 3120 4731 3179 Chriſtiania 55,65, Waſhington 3,78 ½, Helſingfors 9,38, Rom —,—,
3358 3168 3594 3220 Prag 11,20.
3446 3213 4730 3272 Chriſtiania, 31. Dezember. (W. T. B.) Deviſenkurſe. London
3352 3262 4727 3313 29,60. Hamburg —,—, Paris 35,25, New York 6,83, Amſterdam
3352 3309 4727 3362 260,25, Zürich 119,50, Helſingfors 16,90, Antwerpen 31,00, Stockholm
3356 3354 4431 3408 180,50, Kopenhagen 121,00, Rom —. —, Prag 19,90.
3445 3489 4726 3545 London, 31. Dezember. (W. T. B.) Silber 33 7/16, Silber
3350 3534 3768 3586 auf Lieferung 32 18/16.
3848 3596 4212 3645 Wertpapiere.
3438 3647 4731 3705 Frankfurt a. M., 31. Dezember. (W. T. B.) (In Billionen.)
3350 3687 4724 3748 Oeſterr. Kredit 0,79, Badiſche Anilin 28,0, Chem. Griesheim 18,6,
3345 3739 4726 3794 Höchſter Farbwerke 20,0, Holzverkohlungs⸗Induſtrie Konſtanz 16,25,
3350 3779 4724 3839 Dtſch. Gold⸗ u. Silb.⸗Scheideanſt. 32,0, Adlerwerke Kleyer 6, 0,
3349 3824 4727 3884 Hilpert Armaturen 5,9, Pokorny u. Wittekind 4,5, Aſchaffenburg
3349 3869 4722 3929 Zellſtoff 28,0, Phil. Holzmann 3,3, Wayß u. Freytag 4,5,
3347 3914 4416 3967 Lothringer Zement 11,0, Zuckerfabrik Waghäuſel 7,6.
3438 3956 4723 4022 Hamburg, 21. Dezember. (W. T. B.) (Schlußkurſe.) (In
3343 4004 4722 4065 Millionen.) Braſilbank 45,0, Commerz⸗ u. Privatbank 6,5,
3344 4040 4722 4109 Vereinsbank 6,5, Lübeck⸗Büchen 47,5, Schantungbahn 4,0, Deutſch⸗
3344 4085 4725 4157 Auſtral. 46,0, Hamburg⸗Amerika⸗Paketf. 44,5, Hamburg⸗Südamerika
3340 4130 4723 4202 32,5, Norddeutſcher Lloyd 10,0. Vereinigte Elbſchiffahrt 7,25, Calmon
3341 4176 4719 4247 Aſbeſt 2,25, Harburg⸗Wiener Gummi 3,25. Ottenſen Eiſen 6,25,
3339 4222 4721 4293 Alſen Zement 85,0, Anglo Guano 35,0, Merck Guano 24,0
3339 4266 4718 4336 Donamit Nobel 9,5, Holſtenbrauerei 25,0, Neu Guinea 8,0
3339 4313 4719 4385 Otari Minen 35,0. — Freiverkehr. Kaoko —,—, Sloman
3339 4359 4031 4420 Salpeter —,—. — Unregelmäßig.
3430 4408 4720 4477 Wien, 31. Dezember. (W. T. B.) (In Tauſenden.) Türkiſche
3336 4452 4719 4521 Loſe —,—, Mairente 1,4, Februarrente 2,38, Oeſterreichiſche Gold⸗
3335 4496 4718 4568 rente 23 900, OeſterreichiſchekKronenrente 1,240, Ungariſche Gold⸗
3334 4541 4715 4612 rente 36 000, Ungariſche Kronenrente 7,5, Anglo⸗öſterr. Bank 359,5
3338 4587 4717 4660 Wiener Bankverein 247,0, Oeſterreichiſche Kreditanſtalt 352,0. Ungar
3334 4635 4716 4705 allgemeine Kreditbank 117,7, Länderbank, junge 374,0, Niederöſtern
3334 4680 4714 4755 Eskomptebank —,—, Unionbank 361,5, Ferdinand Nordbahn —,— ;
3335 4725 4714 4798 Oeſterreichiſche Staatsbahn 885,0, Südbahn 207,0, Südbahnprioritäten
3334 4769 4714 4840 562,5, Siemens⸗Schuckertwerk 255,8, Alpine Montangeſ. 783,0, Poldi⸗
3334 4815 4714 4887 hütte 1050,0, Prager Eiſeninduſtrie 2495,0, Rimamurany 248,0, Waffene
3334 4859 4714 4929 ſabrik⸗Geſ., öſterr. —,—, Brüxer Kohlenbergbau —,—, Salgo⸗
3332 4908 4714 4981 Tergauer Steinkohlen 1282,0, Daimler Motoren 44,8, Skodawerks
3334 4954 4712 5026 1420,0, Levlam⸗Joſefsthal A.⸗G. —,—, Galizia Naphtha „Galicia“
3328 4999 4233 5064 26 300, Oeſterr.⸗ſteyer. Magneſit⸗Akt. 1599,5.
3368 5200 4687 5269 Geſundheitsweſen, Tierkrankheiten und Abſperrungs⸗
3878 5262 4148 5315 maßregeln.
3424 5322 4706 5390 Dem Reichsgeſundheitsamt iſt das Erlöſchen der Maul⸗
3327 5365 4709 5438 und Klauenſenche vom Schlachtviehhof in München am
3327 5417 4709 5479 28. Dezember 1923 und der Ausbruch der Maul⸗ und
3325 5463 4710 5527 Klauenſeuche vom Schlachtviehhof in Mainz am 28. De
3326 5510 3922 5560 zember 1923 gemeldet worden.
428 5608 876 5661 1. Unterſuchungsſachen.
426 5652 1540 5720 2. Aufgebote, Verluſt⸗ u. Fundſachen, Zuſtellungen u. dergl.
430 5691 1330 5760 3. Verkäufe, Verpachtungen, Verdingungen ꝛc.
428 5742 1124 5797 4. Verloſung ꝛc. von Wertpapieren.
430 5787 1540 5851 d. Kommanditgeſellſchaften auf Aktien, Aktiengeſellſchaften
520 5837 1203 5889 und Deutſche Kolonialgeſellſchaften.
1616 5618 3481 5828 Offentlicher Anzeiger.
1809 5818 3276 5891 Anzeigenpreis für den Raum einer 5 geſpaltenen Einheitszeile
2216 5875 2875 5932 1,50 Goldmark freibleibend.
3582 5660 4447 5728 6. Erwerbs⸗ und Wirtſchaftsgenoſſenſchaften.
3584 5714 4378 5766 7. Niederlaſſung ꝛc. von Rechtsanwälten.
3584 5759 4477 5824 8. Unfall⸗ und Invaliditäts⸗ ꝛc. Verſicherung.
3584 5803 3912 5853 9. Bankausweiſe.
3564 5848 4266 5910 10. Verſchiedene Bekanntmachungen.
3564 5894 3943 5944 11. Privatanzeigen.
791 5949 4339 6076 ☛ Befriſtete Anzeigen müſſen drei Tage vor dem Einrückungstermin bei der Geſchäftsſtelle eingegangen ſein. ☚
448 6128 1204 6247 1. Unterſuchungs⸗
682 6236 976 6342 ſachen.
396 6376 551 6429 [93788]
725 6385 1231 6432 Beſchluß. (8 D 374/23)
443 6427 1230 6481 In der Strafſache gegen Kühnberg
397 6473 1227 6525 wird der Jäger Otto Kühnberg der
397 6516 1224 6572 1. Komp. Inf⸗Regts 2 in Ortelsburg
392 6564 1227 6613 geboren am 24. Auguſt 1904 zu Gelſen⸗
394 6609 1059 6654 kirchen, für fahnenflüchtig erklärt.
434 6652 1177 6705 Ortelsburg, den 22 Dezember 1923.
637 6700 988 6751 Das Amtsgericht.
1268 6142 2103 6257 2. Aufgebote, Ver⸗
1269 6255 2101 6374 luſt⸗ und Fundſachen,
1261 6364 2098 6484 Zuſtellungen u. dergl.
1268 6529 1415 6571 90583]
1446 6529 1953 6583 Zwangsverſteigerung.
1290 6573 2096 6634 Auf Antrag der Erden der am 30. März
1273 6619 2097 6670 923 in Berlin verſtorbenen Witwe
1269 6663 2094 6716 Matbilde Schott, geb. Will, ſoll das in
1264 6708 2107 6774 Himmelpfort belegene, im Grundbuche
2143 6134 2969 6191 von Himmelpfort zur Zeit der Eintragung
2143 6179 2969 6229 des Verſteigerungsvermerks auf den Namen
2144 6224 2966 6274 des Schiffers Karl Will und der unver⸗
2140 6270 2967 6327 ebelichten Mathilde Will eingetrageen
2141 6314 2967 6369 Grundſtück. Acker in den Feldgärten, 20 a
2139 6361 2969 6416 groß. am 8. Februar 1924, Vor⸗
2142 6405 2965 6462 mittags 10 Uhr, durch das unterzeich⸗
2139 6449 2962 6504 nete Gericht an der Gerichtsſtelle ver⸗
2138 6494 2966 6558 ſteigert werden. Der Verſteigerungs⸗
2139 6543 2963 6593 vermerk iſt am 19. November 1923 in
2139 6587 2961 6646 das Grundbuch eingetragen. Es ergeht
2135 6629 2960 6687 die Aufforderung. Rechte, ſoweit ſie zur
2135 6675 2960 6735 Zeit der Eintragung des Verſteigerungs⸗
2132 6725 2961 6782 vermerks aus dem Grundbuche nicht er⸗
3009 6140 3837 6204 ſichtlich waren, ſpäteſtens im Verſteige⸗
3007 6197 3832 6251 rungstermine vor der Aufforderung zur
3007 6240 3830 6296 Abgabe von Geboten anzumelden und,
3004 6287 3830 6340 wenn der Antragſteller widerſpricht, glaub⸗
3006 6330 3830 6382 haft zu machen, widrigenfalls ſie bei der
3003 6373 3830 6437 Feſtſtellung des geringſten Gebots nicht
3004 6420 3825 6476 berückſichtigt und bei der Verteilung des
3002 6465 3824 6519 Verſteigerungserlöſes den übrigen Rechten
3000 6510 3824 6563 nachgeſetzt werden. Diejenigen, welche ein
3002 6557 3824 6611 der Verſteigerung entgegenſtehendes Recht
3000 6601 3821 6652 haben, werden aufgefordert, vor der Er⸗
2998 6644 3822 6702 teilung des Zuſchlags die Aufhebung oder
2997 6693 3821 6745 einſtweilige Einſtellung des Verfahrens
2995 6735 3822 6795 herdeizuführen, widrigenfalls für das Recht
3870 6164 4697 6222 der Verſteigerungserlös an die Stelle des
3868 6210 4490 6262 verſteigerten Gegenſtandes tritt.
3909 6254 4581 6307 Lychen, den 11. Dezember 1923.
4113 6299 4459 6358 Das Amtsgericht.
3865 6388 4009 6432 [93500]
3908 6434 4527 6483 Serie 15 Lit. L Nr. 365 377.
3907 6480 4640 6534 Serie 16 Lit. K Nr. 572 573, 574
3906 6524 4432 6571 Serie 17 Lit. M Nr. 170.
3905 6570 4453 6618 Serie 18 Lit. M Nr. 2609.
3904 6616 4446 6662 Serie 24 Lit. L Nr. 3721.
3904 6661 4449 6709 Serie 25 Lit. K Nr. 9998.
3903 6706 4451 6754 Serie 28 Lit. M Nr. 7969.
3902 6749 4444 6799 Serie 29 Lit. L Nr. 2806.
5072 494 5602 539 Serie 30 Lit K Nr. 4058.
5072 541 5727 587 Serie 35 Lit. N Nr. 3526, 3527.
5070 586 5832 634 Serie 36 Lit. N Nr. 3106. 3108. 4414,
5020 630 5121 667 4438.
5070 675 5600 717 Serie 44 Lit. K Nr. 8962.
5069 719 5830 767 Serie 46 Lit. K 5281, 21 885, 30 068,
5021 763 5830 810 Lit. L Nr. 31 917. 32 325. Lit. N
5021 807 5643 854 Nr. 22 329, Lit M Nr. 21 747.
5067 855 5591 897 Serie 48 Lit. L Nr. 3391.
5067 900 5632 943 Serie 50 Lit. K Nr. 11 132.
5066 945 5828 993 Serie 51 Lit. K Nr. 5034, Lit. L
5018 987 5207 1029 Nr. 1180.
5068 1035 5827 1082 Vorſtehende Pfandbriefe ſind abhanden
5017 1080 5215 1126 gekommen.
5064 1126 5815 1173 Frankſurt a. M., den 1. Januar 1924
5089 1171 5761 1219 Frankfurter Pfandbrief⸗Bank
5015 1215 5825 1264 (früher Frankfurter Hypotheken⸗
5249 1263 5592 1310 Kredit⸗Verein).
5156 1307 5689 1351 Brandt. Schmillen.
5014 1371 5164 1417 [94203]
5060 1418 5824 1463 Abhanden gekommen: ℳ 4000
5014 1460 5819 1513 Verein Elbe⸗Schiff ⸗Aktien Nr. 21 824,
5011 1508 5683 1552 49 375, 55 096, 27 802 = 4/1000.
5059 1553 5737 1602 Berlin, den 1. 1. 24. (Wp. 7/24.)
5010 1596 5819 1648 Der Polizeipräſident. Abteilung IV. E⸗D.
5007 1664 5159 1713 [94204]
5080 1712 5818 1761 Abhanden gekommen: Hannov.
5009 1754 5770 1806 Wagg⸗Fabr⸗Akt. Nr. 193 zu 1000 ℳ.
5057 1802 5818 1852 Berlin, den 1. 1. 24. (Wp. 2/24.)
5007 1845 5813 1897 Der Polizeipräſident. Abteilung IV. E.⸗D.
5006 1914 5151 1959 [94205]
5052 1961 5814 2010 Abhanden gekommen: $ 400 Schatz⸗
5005 2006 5816 2057 anweiſungen des Deutſchen Reichs (nicht
5005 2049 5812 2102 Goldanleihe), Nrn. 28 637, 90 231, 91 334,
5005 2095 5330 2141 68 801 = 4/100.
5052 2143 5814 2194 Berlin, den 1. 1. 24. (Wp. 3/24.)
5003 2185 5812 2240 Der Polizeipräſident. Abteilung IV. E.⸗D.
5002 2254 5152 2303 [94206]
5049 2302 5812 2351 Abhanden gekommen: ℳ 2 000,—
4999 2343 5809 2398 Orenſtein u. Koppel⸗Akt. Nr. 46 173,
5002 2390 5160 2428 144 667.
5048 2437 5810 2487 Berlin, den 1. 1. 24. (Wp. 5/24.)
4999 2480 5809 2532 Der Polizeipräſident. Abteilung IV. E.⸗D.
4986 2544 5148 2598 [94207]
5043 2596 5811 2643 Abhanden gekommen: ℳ 1000
4997 2638 5810 2688 Roſitzer Zucker⸗Akt Nr. 11 973 u. ℳ 1000
4998 2682 5582 2733 Union⸗Gießerei⸗Akt. Nr. 8502.
5046 2733 5810 2780 Berlin, den 1. 1. 24. (Wp. 4/24.)
4997 2774 5809 2826 Der Polizeipräſident. Abteilung IV. E.⸗D.
4995 2844 5145 2891 [94208]
5044 2890 5805 2939 Erneuert wird die Sperre: Reichs⸗
4996 2935 5801 2988 anzeiger 1 vom 2. 1. 22 Wp. 1/22.
4995 2981 5803 3032 Wp. 2/22 Wp. 3/22. Wp. 17/22, Reichs⸗
4993 3028 5799 3079 anzeiger 186 vom 22. 8. 22 Wp. 255/22.
4992 3070 5804 3119 Reichsanzeiger 257 vom 13. 11. 22
4993 3115 5802 3167 Wp. 327/22. Reichsanzeiger 284 vom
4993 3162 5804 3211 15. 12. 22 Wp. 357/22. die Sperre über
4989 3207 5798 3257 ℳ 1000. — A. E.⸗G.⸗ Akt. 450 349.
4990 3247 5804 3306 Reichsanzeiger 135 vom 13. 6. 23
4988 3299 5573 3350 Wp. 253/22 wird aufgehoben.
5037 3343 5734 3398 Berlin, den 1. 1. 24. (Wp. 1/24.)
4989 3389 5799 3443 Der Polizeipräſident. Abteilung IV. E.⸗D.
4984 3456 5134 3507 [94209]
5034 3504 5799 3550 Verloren wurden: ℳ 15 000 Aktien
4984 3547 5797 3603 der Waggonfabrik Joſ. Rathgeber,
4984 3593 5802 3648 München, Nr. 22 501 — 22 505, 22 511 bis
4983 3638 5508 3686 22 520 mit Couponsbogen.
5030 3683 5528 3734 München, 31. 12. 1923.
5244 3732 5542 3777 Polizeidirektion.
4983 3796 5132 3845 [93789]
5028 3842 5795 3896 Die minderjährigen Geſchwiſter Roſa
4981 3887 5794 3943 und Anna Narewski aus Biſchofsburg
4979 3930 5796 3985 führen laut Ermächtigung des Juſtiz⸗
4978 3978 5797 4030 miniſters vom 12. Dezember 1923 den
4979 4021 5479 4071 Familiennamen Nawert.
5026 4064 5790 4118 Biſchofsburg, den 16. Dezember 1923.
5271 4118 5503 4166 Amtsgericht.
4974 4178 5128 4233 [93793]
5024 4228 5790 4278 Das Amtsgericht München — Streit⸗
4973 4269 5790 4324 gericht — erläßt unterm 20. Dezember 1923
4973 4320 5790 4373 folgendes Ausſchlußurteil: I. Für
4971 4364 5788 4418 kraftlos wird erklärt, und zwar auf Antrag
4974 4409 5787 4463 der Firma Vereinigte Schuh⸗Fabriken
4970 4452 5789 4506 Berneis⸗Weſſels A.⸗G. in Augsburg der
4972 4503 5786 4550 von der Romeo⸗Schuh Akt.⸗Geſ. in
4968 4543 5785 4596 München am 13. Dezember 1921 auf den
4970 4589 5783 4645 Namen der Kaufmannsfrau Hedwig Roſen⸗
4970 4635 5784 4688 derg in München ausgeſtellte und von
4969 4681 5781 4737 dieſer am 23. Mai 1923 an die Antrag⸗
4966 4729 5781 4778 ſtellerin abgetretene Interimsſchein über
4966 4773 5783 4826 5000 Stück junge Aktien zu je 1000 ℳ
4967 4818 5780 4872 der Romeo⸗Schuh⸗Akt⸗Geſ. in München,
4967 4863 5781 4913 Emiſſion vom 13. Dezember 1921. II. Die
4965 4909 5779 4961 Antragſtellerin hat die Koſten des Ver⸗
4963 4953 5311 5003 fahrens zu tragen.
4958 5022 5112 5072 [93792]
5009 5068 5776 5120 Das Amtsgericht München — Streit⸗
4959 5116 5778 5167 gericht — erläßt unterm 18. Dezember
4958 5160 5776 5212 1923 folgendes Ausſchlußurteit: I. für
4954 5202 5775 5257 kraftlos werden erklärt, und zwar auf
4957 5250 5773 5300 Antrag der Firma Denk & Duckwitz A.⸗G.
4959 5297 5772 5344 in Berlin, die drei am 13. April 1923 an
4958 5342 5771 5395 die Order der genannten Firma ausge⸗
4955 5386 5771 5439 ſtellten, mit dem Blankoakzept der Firma
4954 5433 5770 5484 Emil Mellinghaus in München verſehenen
4954 5474 5770 5533 Wechſel über 1 760 000 ℳ, fällig am
4956 5525 5774 5579 23. Mai 1923, über 1 500 000 ℳ, fällig
4954 5571 5771 5617 am 30. Mai 1923, und über weitere
4955 5611 5770 5670 1 500 000 ℳ, fällig am 9. Juni 1923;
4953 5660 5768 5714 II. die Antragſtellerin hat die Koſten des
4954 5705 5383 5756 Verfahrens zu tragen.
4947 5770 5103 5821 [93790]
4999 5820 5767 5870 Durch Ausſchlußurteil vom 28. 12. 1923
4952 5863 5769 5914 iſt auf Antrag des Kaufmanns R. Borek
4950 5911 5766 5962 in Braunſchweig der Teilhypothekenbrief
4951 5956 5765 6008 über die für die unverehelichte Luiſe
4950 6001 5761 6050 Winterberg am 14 12. 1898 im Grund⸗
4949 6046 5765 6096 buch von Riddagshauſen Bd. 1 Bl. 50
4951 6092 5764 6142 S. 396 in Abt. III Sp. 2 Nr. 6 ein⸗
4948 6138 5765 6191 getragene Hypothek über 7500 ℳ für
4946 6184 5243 6227 kraftlos erklärt.
4996 6230 5683 6278 Braunſchweig, den 28. 12. 1923.
5088 6276 5612 6324 Amtsgericht Riddagshauſen.
4949 6344 5093 6391 [93791]
5164 6345 5550 6392 Bekanntmachung.
4990 6386 5758 6438 Durch Ausſchlußurteil des unterzeichneten
4947 6433 5760 6482 Gerichts ſind nachbenannte Perſonen mit
4945 6478 5759 6528 ihren Rechten ausgeſchloſſen bezw. nach⸗
4943 6524 5759 6572 bezeichnete Urkunden für kraftlos erklärt
4944 6577 5096 6609 worden:
4994 6618 5755 6664 1. der verloren gegangene Hypotheken⸗
4949 6660 5757 6709 brief über die im Grundbuch von Wittichenau
4951 6707 5758 6754 Stadt Blatt 202 in Abteilung III
5870 496 6689 551 Nr. 8 für den Schnittwarenhändler Joſeph
5871 547 6684 595 Popella in Wittichenau eingetragene Hypo⸗
5870 593 6479 636 thek von 45 Talern = 135 ℳ
5913 638 6686 686 2. a) die unbekannten Gläubiger der im
5870 683 6688 734 Grundbuch von Wittichenau Stadt Blatt 372
5869 727 6689 777 Abteilung III Nr. 1 für Johann Pollack
5869 773 6685 820 in Wittichenau eingetragenen Hypothek von
5867 817 6271 857 20 Talern = 60 ℳ.
5913 864 6686 908 b) der ebenda Abteilung III Nr. 2 für
5868 907 6683 958 die Witwe Magdalena Ublich, geb. Pollack,
5866 952 6684 1001 in Wittichenau eingetragenen Hypothek von
5867 995 6270 1038 20 Talern = 60 ℳ
5910 1045 6682 1090 c) der verloren gegangene Hypotheken⸗
5866 1087 6682 1136 brief über die ebenda in Abteilung III
5864 1130 6682 1183 Nr. 3 für Marie Pauluſch in Wittichenau
5863 1178 6685 1224 eingetragene Hypothek von 100 Talern =
5862 1221 6350 1270 300 ℳ und 5 % Zinſen,
5906 1267 6680 1316 3. a) der verloren gegangene Hypotheken⸗
5862 1306 6680 1358 ſchein über die im Grundbuch von Wittichenau
5862 1358 6681 1406 Landungen Blatt 50 Abteilung III Nr. 2
5862 1404 6682 1453 für den Schnittwarenhändler Jakob
5860 1443 6678 1499 Wels in Wittichenau eingetragenen
5864 1492 6400 1539 10 Reichstaler 12 Groſchen
5905 1539 6678 1587 b) der verloren gegangene Hypotheken⸗
5859 1581 6676 1633 buchsauszug über die ebenda in Abteilung III
5856 1627 6675 1678 Nr. 8 für den Tagearbeiter Michael
5856 1672 6675 1725 Moeller in Wittichenau eingetragenen
5858 1719 6671 1766 5 Reichstaler 6 Groſchen und 8 Groſchen
5898 1764 6675 1813 4. der verloren gegangene Hypotheken⸗
5856 1809 6675 1862 brief über die im Grundbuch von Weiß⸗
5855 1855 6676 1904 kollm Blatt 50 in Abteilung III Nr. 2
5856 1900 6674 1950 für die ledige Johanne (Johanna) Miert⸗
5854 1944 6676 1998 ſchink in Weißkollm, jetzt verehelichte
5853 1989 6673 2043 Schneider Jurſch in Neida bei Lohſa, ein⸗
5853 2037 6478 2083 getragene Hypothek von 300 ℳ.
5897 2084 6672 2134 5. der verloren gegangene Hypotheken⸗
5851 2127 6673 2177 brief über die im Grundbuch von Kühnicht
5853 2173 6673 2222 Blatt 39 Abteilung III Nr. 1 für die
5854 2219 6670 2270 verehelichte Kaufmann Alma Sprotte, geb.
5848 2263 6674 2317 Heinzel, in Liegnitz eingetragene Hypothek
5852 2312 6086 2349 von 450 ℳ.
5973 2356 6541 2405 Amtsgericht Hoyerswerda.
5840 2440 5989 2491 [93766]
6016 2448 6535 2497 Oeffentliche Zuſtellung.
5888 2485 6663 2543 Die Frau Mathilde Zuckermann, geb.
5847 2529 6666 2587 Weinſtock, zu Offenbach a. M., Liliſtraße 15,
5846 2578 6668 2628 Klägerin, vertreten durch Rechtsanwalt
5847 2624 6668 2677 Dr. Mainzer in Darmſtadt, klagt gegen
5844 2669 6669 2719 ihren Ehemann, den Buchhalter Wolf
5845 2716 6666 2766 Zuckermann, unbekannten Auſenthalts,
5845 2760 6665 2813 Beklagten, wegen Eheſcheidung, mit dem
5843 2807 6665 2859 Antrage: 1. die Ehe der Streitteile zu
5844 2851 6664 2902 ſcheiden, 2. den Beklagten für den allein
5843 2897 6666 2949 ſchuldigen Teil zu erklären und ihm die
5840 2944 6665 2996 Koſten des Rechtsſtreits aufzuerlegen und
5842 2990 6664 3043 ladet den Beklagten zur mündlichen
5845 3034 6665 3085 Verhandlung des Rechtsſtreits vor die
5843 3081 6662 3131 III. Zivilkammer des Heſſiſchen Land⸗
5837 3126 6663 3178 gerichts zu Darmſtadt auf Montag,
5837 3172 6662 3225 den 10. März 1924, Vormittags
5840 3217 6662 3269 9 Uhr, mit der Aufforderung, ſich durch
5837 3263 6661 3314 einen bei dieſem Gericht zugelaſſenen
5837 3308 6660 3362 Rechtsanwalt als Prozeßbevollmächtigten
5837 3355 6203 3402 vertreten zu laſſen.
5881 3399 6616 3448 Darmſtadt, den 27. Dezember 1923.
6003 3445 6480 3493 Eſcher, Juſtizinſpektor.
5835 3488 6656 3541 Gerichtsſchreiber des Heſſiſchen Landgerichts.
5826 3575 5976 3628 [93846]
6001 3581 6535 3628 Oeffentliche Zuſtellung.
5880 3624 6656 3677 Der minderjährige Hans Rebig in
5834 3669 6657 3721 Elderfeld, vertreten durch den Berufs⸗
5832 3717 6654 3768 vormund E. Erlinghäuſer in Elberfeld,
5832 3757 6654 3812 Aue 45, Prozeßbevollmächtigter: Rechts⸗
5831 3809 6652 3858 anwalt Dr. Heymann in Dortmund,
5831 3852 6653 3901 klagt gegen den Arbeiter Ernſt Ritters⸗
5829 3896 6651 3948 haus, früher in Dortmund, Leopold⸗
5829 3942 6654 3997 ſtraße 27, unter der Behauptung, daß er
5829 3988 6650 4040 der außereheliche Vater des Klägers ſei,
5829 4032 6650 4082 mit dem Antrage, den Beklagten koſten⸗
5828 4077 6649 4127 pflichtig und vorläufig vollſtreckbar zu ver⸗
5828 4124 6650 4172 urteilen, dem Kläger anſtatt der durch
5827 4168 6649 4217 Urteil des Amtsgerichts in Oberhauſen
5826 4215 6648 4262 vom 15. 6. 1921 feſtgeſetzten Unterhalts⸗
5825 4261 6650 4306 rente von vierteljährlich 450 ℳ eine
5824 4306 6646 4357 vierteljährlich im voraus fällige, am
5822 4347 6648 4401 Erſten eines jeden Kalendervierteljahres
5822 4396 6644 4446 zu entrichtende Unterhaltsrente zu zahlen,
5824 4445 6644 4488 und zwar vom 1. 11. 1923 ab viertel⸗
5824 4487 6644 4539 jährlich 45 Goldmark, d. h. pro Gold⸗
5822 4533 6643 4582 mark ¼ Dollar, umzurechnen nach dem
5821 4578 6643 4627 amtlichen Berliner Tageskurs (Geld) des
5820 4623 6642 4676 Fälligkeitstages, bei verſpäteter Zahlung
5822 4669 6639 4720 des Zahltages, und zwar die rückſtändigen
5820 4713 6638 4764 Beträge ſofort. Zur mündlichen Ver⸗
5819 4758 6635 4807 handlung des Rechtsſtreits wird der Be⸗
5817 4798 6636 4854 klagte vor das Amtsgericht in Dortmund.
5819 4848 6639 4901 Zimmer 130, auf den 3. März 1924,
5816 4897 6425 4945 Vormittags 9 Uhr, geladen.
5861 4941 6637 4990 Dortmund, den 20. Dezember 1923.
5837 4986 6610 5038 Der Gerichtsſchreiber des Amtsgerichts.
5810 5073 5958 5121 [92624]
5980 5078 6514 5128 Oeffentliche Zuſtellung.
5853 5121 6635 5172 Auf Grund der §§ 1565 und 1568
5811 5163 6637 5219 B. G.⸗B. klagen mit dem Antrage auf
5811 5209 6080 5260 Eheſcheidung:
5854 5254 6630 5309 1. Ehefrau Paul Gabriel in Duisburg.
5809 5299 6631 5353 Unterſtraße 47, Proz.⸗Bev. R.⸗A. Dr.
5809 5342 6633 5398 Schlechtriem, gegen ihren Ehemann, den
5810 5390 6630 5444 Maſchinenmeiſter Paul Gabriel, Düſſel⸗
5808 5439 6524 5489 dorf, Schloßſtraße 13 b, 8 R 28/23,
5852 5487 6630 5537 2 Ehefrau Max Klein, Uerdingen a. Rh.,
5808 5531 6631 5582 Viktoriaſtraße 21, Proz.⸗Bev. R.⸗A. Dr.
5807 5577 6627 5627 Oppenheimer, Dr. Wirtz u. Siemſen,
5807 5624 6628 5673 gegen ihren Ehemann, Dreher Max Klein,
5805 5666 6626 5715 Düſſeldorf, Kölner Straße 66, 8 R. 105/22,
5852 5710 6629 5764 3. Ehefrau Bauarbeiter Paul Kirſchen⸗
5800 5754 6625 5807 ſtein, Düſſeldorf. Leſſingſtraße 17 III, Proz.⸗
5808 5805 6623 5853 Bev. R.⸗A. Dr. Maaſe, gegen ihren Ehe⸗
5803 5850 6619 5898 mann Paul Kirſchenſtein, Düſſeldorf.
5805 5895 6347 5942 Jahnſtraße 77, 8 R 279/23,
5846 5939 6622 5990 4. Ehefrau Conſtantin Hajok, Düſſel⸗
5801 5986 6622 6035 dorf, Kaiſerswerther Straße 21 II. Proz⸗
5804 6032 6620 6080 Bev. J.⸗R. Frings und R.⸗A. Dr. P.
5798 6076 6622 6123 Frings, gegen ihren Ehemann, Schloſſer
5800 6122 6620 6170 Conſtantin Hajok, Düſſeldorf, 8 R 282/23,
5841 6170 6620 6215 5. Ehefrau Dorothea Jaspers Düſſel⸗
5799 6215 6620 6261 dorf, Hubertusſtift, Hubertusſtraße 2, Proz.⸗
5803 6259 6620 6306 Bev. R.⸗A Claesgens, gegen ihren Ehe⸗
5799 6304 6622 6353 mann, Setzer Albert Jaspers, Düſſel⸗
5797 6350 6144 6394 dorf, 8 R 279/23.
5842 6395 6614 6441 6. Dreher Wilhelm Kirſch. Benrath.
5796 6440 6619 6488 Haſſelſtraße 136, Proz⸗Bev. R.⸗A. Kexel,
5796 6484 6622 6531 gegen ſeine Ehefrau, Henriette geb. Schäfer
5795 6528 6431 6576 Nancy. Frankreich. 8 R 303/23,
5840 6572 6616 6620 7. Eiſenbahnarbeiter Valentin Fiedler,
5795 6616 6616 6667 Düſſeldorf, Pempelforter Straße 4, Proz.⸗
5795 6663 6615 6713 Bev. R.⸗A. Levy, gegen ſeine Ehefrau,
5794 6707 6467 6757 Maria geb. Ropohl, 8 R 313/23,
6765 508 7524 559 8. Ehefrau Anna Bläſer. Schlebuſch,
6723 553 7523 603 Hauptſtraße 59 Proz⸗Bev J⸗R. Fritſche.
6723 600 7525 649 gegen ihren Ehemann. Arbeiter Joſef
6723 644 7522 695 Bläſer, Düſſeldorf, Benrather Straße 7.
6721 689 6958 729 8 R 334 23.
6756 733 7525 785 9 Dachdecker Wilhelm Brüynen Düſſel⸗
6721 779 7524 829 dorf, Eiſenſtraße 94, Proz.⸗Bev. R.⸗A.
6721 824 7525 871 Dr. Dannenbaum, gegen ſeine Ehefrau
6720 868 7522 920 Katharina geb. Hoffmann. Düſſeldorf,
6722 914 7483 964 Fürſtenwallſtraße 139 II, 8 R 340/23,
6769 960 7522 1011 10. Ehefrau Wilhelm Joswig Düſſel⸗
6719 1004 7520 1057 dorf⸗Gerresheim, Hüfer⸗Hofſtraße 924 b.
6719 1049 7523 1102 Proz⸗Bev. R.⸗A. Dr. van Els gegen
6721 1094 7522 1141 ihren Ehemann, Fabrikarbeiter Wilhelm
6720 1141 7395 1191 Joswig, Düſſeldorf, 8 R 343/23,
6765 1186 7520 1237 11. Ehefrau Minna Hartenfels, Klein⸗
6717 1230 7518 1278 Rhüden. Proz⸗Bev. R.⸗A. Dr. Geile,
6715 1275 7521 1327 gegen ihren Ehemann, Arbeiter Heinrich
6720 1321 7364 1370 Hartenfels, Neuß. 8 R. 348/22,
6764 1366 7520 1419 12. Ehefrau Richard Klein, Margarete
6716 1411 7512 1465 geb. Malzkorn. Wiesdorf, Poſchſtraße 41,
6715 1456 7516 1508 Proz⸗Bez R.⸗A. Dr Franke, gegen ihren
6715 1500 7517 1550 Ehemann Arbeiter Richard Klein, Wies⸗
6715 1547 7373 1595 dorf, Poſchſtraße 41, 8 R 350/23,
6764 1592 7518 1644 13 Fabrikarbeiter Michael Gronz,
6713 1637 7516 1689 Düſſeldort, Erkrather Straße 273, Proz.⸗
6715 1682 7514 1733 Bev. R.⸗A. Dr Kann, gegen ſeine Ehefrau,
6713 1727 7519 1778 Maria Magdalena geb. Knoffels, früher
6714 1772 7132 1822 in Trier, 8 R 356/23,
6758 1817 7501 1873 14. Ehefrau Gertrud Jacob, Witten
6712 1862 7506 1912 berg, Jüdenſtraße 14, Proz⸗Bev R.⸗A
6710 1909 7516 1955 Dr. Frank, gegen ihren Ehemann. Arbeiter
6710 1954 7516 2004 Peter Jacob, Düſſeldorf, Wupperſtraße 45
6710 2001 7512 2048 und Gladbacher Straße 20, 8 R 377/23.
6755 2044 7515 2095 15. Ehefrau Friedrich Haak. Düſſel⸗
6708 2091 7511 2140 dorf⸗Gerresheim, Friedrich⸗Wilhelm⸗
6708 2135 7513 2184 Straße 44, Proz.⸗Bev. R⸗A. J.⸗R. Dr.
6711 2180 7516 2227 Carl, gegen ihren Ehemann, Arbeiter
6708 2226 7513 2275 Friedrich Haak, zuletzt in Düſſeldorf⸗
6707 2271 7183 2320 Gerresheim, 8 R. 414/23,
6753 2318 7512 2365 16. Ehefrau Karl Steineshoff, Braun⸗
6705 2362 7510 2413 ſchweig, Güldenſtraße 30. Proz⸗Bev. R.⸗A.
6703 2408 7511 2456 Dr. Groos, gegen ihren Ehemann. Kauf⸗
6703 2455 7505 2504 mann Karl Steineshoff, Düſſeldorf.
6702 2500 6970 2543 8a R. 441/23,
6746 2544 7509 2592 17. Ehefrau Leo Piel, Eſſen, Albrecht⸗
6703 2588 7507 2637 ſtraße 26, Proz.⸗Bev. R.⸗A. J.⸗R. Lieſſem,
6707 2635 7512 2682 gegen ihren Ehemann, Bergmann Leo
6707 2679 7509 2730 Piel, Eſſen, Rellinghauſer Straße 303.
6703 2725 6971 2768 8a R. 255/23,
6749 2770 7511 2819 18. Fabrikarbeiter Kaſpar Steinbüchel
6701 2815 7499 2864 in Landwehr⸗Kirſchbaum, Proz.⸗Bev R.⸗A
6700 2860 7506 2910 Kamps u. Baſtgen, gegen ſeine Ehefrau
6706 2905 7361 2953 Laura, Kirſchbaum, 8a R 357/23,
6751 2951 7507 2999 19. Ehefrau Martha Näckel, Wiesdorf,
6700 2996 7507 3051 Montanusſtraße 10, Proz.⸗Bev. R.⸗A. J.⸗R.
6700 3041 7508 3089 Fritſche, gegen ihren Ehemann, Arbeiter
6699 3088 7507 3138 Guſtav Näckel, zuletzt Wiesdorf, 8a R
6703 3134 6836 3176 362/23,
6743 3179 7505 3228 20. Ehefrau Sophia Palm, Boiten⸗
6699 3223 7505 3275 burg bei Düdelingen in Luxemburg. Proz.⸗
6698 3268 7504 3319 Bev. R.⸗A. Kleber, gegen ihren Ehe⸗
6697 3315 7504 3365 mann, Hauſierer Mathias Auguſt Palm,
6696 3361 7499 3408 Düſſeldorf, Bandelſtraße 28, 8a R 345/23,
6738 3406 7501 3456 21. Ehefrau Heinrich Steffen, Düſſel⸗
6694 3452 7498 3502 dorf, Kraheſtraße 51, Proz.⸗Bev. R.⸗A.
6695 3496 7500 3548 Dr. Pungs, gegen ihren Ehemann Hein⸗
6695 3542 7500 3593 rich Kaſpar Gottlieb Steffen, Düſſel⸗
6695 3588 7068 3632 dorf, 8a R 108/23,
6735 3633 7497 3683 22. Ehefrau Wilhelm Rummenohl,
6696 3678 7499 3729 Benrath⸗Urdenbach, Angerſtraße 27, Proz.⸗
6695 3723 7498 3769 Bev. R.⸗A. Schreiner, gegen ihren Ehe⸗
6694 3769 7497 3816 mann, Fabrikarbeiter Wilhelm Rum⸗
6691 3816 7496 3865 menohl, Benrath⸗Urdenbach, Anger⸗
6691 3860 7205 3908 ſtraße 27 a, 8 a R 284/23,
6731 3906 7494 3955 23. Ehefrau Hugo Karl Schröder,
6689 3951 7494 4001 Düſſeldorf, Kölner Straße 21, Proz.⸗Bev.
6688 3996 7493 4045 R.⸗A. Bebber, gegen ihren Ehemann,
6687 4034 7492 4090 Hammerſchmied Hugo Karl genannt Paul
6689 4085 7491 4136 Schröder, Düſſeldorf, Blücherſtraße 45,
6687 4130 6954 4176 8 a R 253/23,
6728 4176 7483 4225 24. Ehefrau Georg Menge, Düſſeldorf,
6685 4221 7487 4271 Pionierſtraße 11, Proz.⸗Bev. R.⸗A. Fas⸗
6686 4267 7488 4314 bender, gegen ihren Ehemann, Kaufmann
6685 4312 7485 4359 Georg Menge, Düſſeldorf, 8 a R 404/23.
6725 4358 7489 4410 25. Ehefrau Minna Klaus Lötzen,
6684 4403 7488 4452 Neuendorfer Straße 25, Proz.⸗Bev. R⸗A.
6685 4448 7487 4498 Dr. Wildt, gegen ihren Ehemann, Bäcker⸗
6682 4492 7490 4544 geſellen Otto Klaus, Düſſeldorf, Neußer
6681 4539 7160 4587 Straße 30, 8 R 319/23,
6725 4585 7486 4633 26. auf Grund des § 1333 B. G.⸗B.
6681 4630 7488 4680 klagt mit dem Antrage, die Ehe der Par⸗
6678 4675 7488 4722 teien für nichtig zu erklären, Ehefrau
6678 4721 7487 4768 Wilhelm Giboni, Düſſeldorf, Konkordia⸗
6678 4765 7485 4814 ſtraße 59, Proz.⸗Bev. R.⸗A. Obuch,
6678 4811 7484 4857 Siemſen und Horſtmann, gegen ihren
6677 4855 7484 4907 Ehemann, Konditor Wilhelm Georg
6677 4902 7482 4950 Giboni, früher Düſſeldorf, zuletzt in
6677 4946 7349 4996 Werl i. W. in Haft, 8 R 239/23,
6717 4993 7484 5043 27. auf Grund des § 1353 klagt mit
6674 5038 7485 5088 dem Antrage auf Wiederherſtellung der
6675 5083 7483 5130 ehelichen Gemeinſchaft der Schreiner Karl
6673 5130 7478 5178 Regener, Düſſeldorf. Ackerſtraße 119,
6674 5174 7483 5221 Proz.⸗Bev. R.⸗A. Dr. Winter, gegen ſeine
6670 5219 7477 5270 Ehefrau Maria, zuletzt in Düſſeldorf,
6670 5265 6935 5308 8a R 316/23.
6712 5308 7477 5359 Die Kläger laden die Beklagten, deren
6669 5354 7478 5405 Aufenthalt unbekannt iſt, zur mündlichen
6672 5400 7478 5448 Verhandlung des Rechtsſtreits vor die
6668 5445 7478 5496 Zivilkammern 8 und 8a des Landgerichts
6668 5490 7477 5541 in Düſſeldorf mit der Aufforderung, ſich
6667 5539 7477 5586 durch einen bei dieſem Gericht zugelaſſenen
6667 5580 7475 5631 Rechtsanwalt vertreten zu laſſen. Ver⸗
6669 5628 7477 5677 handlungstermine ſtehen an: um 10 Uhr
6665 5674 7470 5718 Vormittags zu laufender Nummer
6666 5718 7474 5765 bis 15, 25 und 26 am 26. Februar 1924,
6667 5763 7472 5806 laufende Nummer 16 bis 24 und 27 am
6664 5809 7470 5859 25. Februar 1924. Die Prozeß⸗
6664 5855 7471 5903 bevollmächtigten der Kläger wohnen in
6664 5899 6869 5942 Düſſeldorf.
6706 5945 7333 5992 Düſſeldorf, den 21. 12. 1923.
6695 5989 7434 6040 Der Gerichtsſchreiber des Landgerichts.
6662 6081 6802 6125 [93849]
6706 6126 7467 6176 Die Ehefrau Martha Angermann, ge⸗
6662 6171 7466 6218 borene Schulze, in Wittenberg, Mittel⸗
6662 6217 7466 6264 ſtraße 23, Klägerin, Prozeßbevollmächtigter:
6659 6263 7461 6309 Rechtsanwalt Dr. Giesbert in Duisburg.
6660 6307 7465 6353 klagt gegen ihren Ehemann, den Bäcker
6659 6353 7464 6399 Paul Angermann, zuletzt wohnhaft in
6660 6397 7464 6447 Oberhauſen, Lipper Straße 48, jetzt un⸗
6658 6442 7465 6488 bekannten Aufenthalts, Beklagten, auf
6658 6488 7465 6537 Grund § 1568 B. G.⸗B., mit dem Antrag
6657 6532 7465 6577 auf Eheſcheidung. Die Klägerin ladet
6657 6578 7466 6629 den Beklagten zur mündlichen Verhandlung
6656 6623 7464 6672 des Rechtsſtreits vor die erſte Zivil⸗
6656 6669 7465 6718 kammer des Landgerichts in Duisburg
6655 6712 7469 6763 auf den 6. März 1924, Vormittags
7564 516 8354 572 9 Uhr, mit der Aufforderung, ſich durch
7563 565 8353 617 einen bei dieſem Gericht zugelaſſenen Rechts⸗
7563 610 8353 656 anwalt als Prozeßvevollmächtigten ver⸗
7564 655 8220 706 treten zu laſſen. — 18. R. 352/23.
7594 698 8306 750 Der Gerichtsſchreiber des Landgerichts
7559 763 7703 812 93848]
7604 811 8351 864 Die Ehefrau des Anſtreichers Heinrich
7563 856 8350 904 Aſtrath Helma geborene Schein, in Duis⸗
7563 900 8346 953 burg, Untermauerſtraße 37 Klägerin,
7562 945 8351 1000 Prozeßbevollmächtigter: Rechtsanwalt Lentz
7562 991 8343 1039 in Duisburg, klagt gegen ihren Ehemann.
7560 1036 8348 1090 den Anſtreicher Heinrich Aſtrath, zuletzt
7561 1081 8343 1133 in Duisburg, jetzt unbekannten Aufenthalts,
7561 1125 8344 1178 Beklagten, auf Grund § 1568 B. G.⸗B.,
7564 1173 8348 1225 mit dem Antrag auf Eheſcheidung. Die
7560 1216 8345 1268 Klägerin ladet den Beklagten zur münd⸗
7560 1262 8346 1311 lichen Verhandlung des Rechtsſtreits vor
7559 1307 8344 1358 die erſte Zivilkammer des Landgerichts in
7557 1351 8346 1403 Duisburg auf den 17. März 1924,
7558 1398 8344 1446 Vormittags 9 Uhr, mit der Aufforde⸗
7557 1443 8345 1494 rung, ſich durch einen bei dieſem Gericht
7558 1489 8344 1542 zugelaſſenen Rechtsanwalt als Prozeß⸗
7556 1534 8258 1584 bevollmächtigten vertreten zu laſſen.
7561 1580 7827 1623 18 R. 356/23.
7589 1623 8308 1675 Der Gerichtsſchreiber des Landgerichts.
7551 1691 7692 1740 [93767]
7595 1737 8344 1787 Die Ehefrau Kutſcher Heinrich Trynes
7554 1783 8338 1835 in Oberhauſen, Schlanſteinſtr 1. Klägerin,
7552 1823 8341 1878 Prozeßbevollmächtigter: Rechtsanwalt
7554 1875 8338 1925 Borries in Duisburg, klagt gegen ihren
7553 1918 8338 1970 Ehemann, den Kutſcher Heinrich Trynes,
7552 1964 8323 2016 zurzeit unbekannten Aufenthalts, Beklagten
7551 2009 8339 2055 auf Grund § 1565 B. G.⸗B. mit dem
7551 2053 8339 2104 Antrag auf Eheſcheidung. Die Klägerin
7552 2101 8340 2148 ladet den Beklagten zur mündlichen Ver⸗
7551 2143 8341 2190 handlung des Rechtsſtreits vor die dritte
7550 2189 8338 2239 Zivilkammer des Landgerichts in Duis⸗
7551 2236 8337 2284 burg auf den 27. März 1924, Vor⸗
7551 2281 8334 2333 mittags 9 Uhr, mit der Aufforderung,
7548 2325 8334 2378 ſich durch einen bei dieſem Gericht zuge⸗
7549 2371 8336 2424 laſſenen Rechtsanwalt als Prozeßbevoll⸗
7547 2418 8332 2468 mächtigten vertreten zu laſſen. 1. R. 47/23.
7577 2462 8302 2514 Der Gerichtsſchreiber des Landgerichts.
7544 2551 7683 2601 [93768]
7701 2551 8210 2600 Oeffentliche Zuſtellung.
7591 2597 8335 2649 Die Ehefrau Joſefine Vergölſt, geb.
7548 2642 8337 2690 Kraine, in Frankfurt am Main, Prozeß⸗
7548 2688 8331 2734 bevollmächtigter: Rechtsanwalt Dr. E.
7544 2727 8337 2784 Hochſchild. klagt gegen ihren Ehemann,
7547 2776 8333 2829 Schreiner Friedrich Wilhelm Vergölſt,
7547 2822 8331 2873 früher in Frankfurt am Main, wegen Ehe⸗
7548 2869 8319 2922 bruchs, mit dem Antrag auf Eheſcheidung
7546 2914 8333 2965 Die Klägerin ladet den Beklagten zur
7547 2960 8332 3016 mündlichen Verhandlung des Rechtsſtreits
7545 3006 8331 3056 vor die 9. Zivilkammer des Landgerichts
7545 3051 8329 3102 in Frankfurt am Main, Gerichtsſtraße 2,
7544 3092 8333 3147 I. St., Zimmer 129, auf den 28. März
7548 3141 8330 3190 1924, Vormittags 10 Uhr, mit der
7544 3186 8336 3242 Aufforderung, ſich durch einen bei dieſem
7544 3231 8329 3278 Gericht zugelaſſenen Rechtsanwalt als
7544 3278 8326 3328 Prozeßbevollmächtigten vertreten zu laſſen.
7562 3322 8328 3373 Frankfurt am Main, den 19. Dezember
7542 3361 7638 3412 1923.
7570 3414 8291 3465 Der Gerichtsſchreiber des Landgerichts.
7540 3504 7677 3549 [93769]
7698 3505 8206 3554 Oeffentliche Zuſtellung.
7579 3548 8325 3600 Die Frau Berta Scheffler, geb. Jung⸗
7537 3594 8326 3643 mann, in Neinſtedt, Prozeßbevollmächtigter:
7536 3640 8323 3690 Rechtsanwalt Lieſenberg in Halberſtadt,
7536 3686 8324 3734 klagt gegen den Arbeiter Walter Scheffler,
7536 3730 8320 3779 früher in Neinſtedt, jetzt unbekannten
7536 3776 8325 3832 Aufenthalts, mit dem Antrage, die
7536 3822 8323 3868 Ehe der Parteien wird aus Verſchulden
7534 3867 8321 3916 des Beklagten geſchieden. Die Klägerin
7533 3914 8323 3961 ladet den Beklagten zur mündlichen
7533 3957 8322 4004 Verhandlung des Rechtsſtreits vor die
7531 4003 8322 4051 3. Zivilkammer des Landgerichts in
7530 4049 8320 4098 Halberſtadt auf den 10. März 1924,
7527 4085 8318 4140 Vormittags 9 Uhr, mit der Auf⸗
7530 4138 8314 4184 forderung, ſich durch einen bei dieſem
7530 4182 8316 4230 Gerichte zugelaſſenen Rechtsanwalt als
7530 4228 8314 4277 Prozeßbevollmächtigten vertreten zu laſſen.
7571 4274 8311 4321 Halberſtadt, den 27. Dezember 1923.
7777 4319 8054 4364 Schneider,
7603 4364 8236 4413 Gerichtsſchreiber des Landgerichts.
7526 4453 7662 4499 [93770]
7709 4456 8217 4503 Oeffentliche Zuſtellung.
7565 4498 8312 4550 Die Ehefrau Elſa Grete Hedwig
7523 4544 8312 4595 Pinkernell. geb. Eggebrecht, Hamburg,
7524 4589 8311 4639 Rademachergang 9, Hinterhaus 1 ptr.,
7525 4637 8301 4685 vertreten durch Rechtsanwälte Dres F
7524 4680 8308 4730 Chr. Wulff. Schwarz, R Wulff, klagt
7524 4727 8310 4775 gegen ihren Ehemann, Karl Auguſt Daniel
7523 4769 8309 4819 Chriſtian Pinkernell, zurzeit unbekannten
7522 4817 8309 4865 Aufenthalts, aus § 1568 B. G⸗B, mit
7521 4863 8309 4912 dem Antrage, die Ehe der Parteien zu
7521 4907 8307 4955 ſcheiden, den Beklagten für den allein
7521 4953 8307 5001 chuldigen Teil zu erklären, ihm auch die
7517 4997 8304 5047 Koſten des Rechtsſtreits aufzuerlegen.
7517 5044 8307 5089 Klägerin ladet den Beklagten zur münd⸗
7519 5090 8308 5136 lichen Verhandlung des Rechtsſtreits vor
7517 5130 8305 5182 das Landgericht in Hamburg, Zivilkammer 9
7516 5179 8305 5226 (Ziviljuſtizgebäude, Sievekingplatz), auf
7515 5226 8306 5275 den 22. Februar 1924. Vormittags
7514 5269 8303 5319 9 ½ Uhr, mit der Aufforderung, einen
7515 5316 8302 5365 bei dem gedachten Gerichte zugelaſſenen
7520 5361 8302 5407 Anwalt zu beſtellen. Zum Zwecke der
7514 5400 8304 5455 öffentlichen Zuſtellung wird dieſer Auszug
7514 5452 7992 5498 der Klage bekanntgemacht.
7555 5497 8237 5544 Hamburg, den 22. Dezember 1923.
7546 5541 8272 5591 Der Gerichtsſchreiber des Landgerichts.
7514 5633 7651 5680 [93850]
7673 5635 8180 5683 Oeffentliche Zuſtellung.
7545 5676 8299 5729 Die Ehefrau Roſa Dora Overhage,
7509 5723 8297 5771 geb. Bernhardt, Berlin, Johanniter⸗
7510 5770 8296 5817 ſtraße 10, Aufgang 9 ptr. bei Wilhelm.
7509 5815 8295 5861 vertreten durch Rechtsanwalt Aſchermann,
7509 5862 8296 5907 klagt gegen deren Ebemann, den Arbeiter
7508 5906 8298 5954 Johann Bernhard Overhage, zurzeit
7507 5950 8299 5998 unbekannten Aufenthalts, aus §§ 1567 ²
7507 5996 8296 6043 und 1568 B. G.⸗B, mit dem Antrage,
7506 6040 8297 6086 die Ehe der Parteien zu ſcheiden und
7504 6086 8295 6135 den Beklagten für den allein ſchuldigen
7505 6130 8296 6181 Teil zu erklären und ihm die Koſten des
7507 6175 8294 6223 Rechtsſtreits aufzuerlegen. Klägerin ladet
7504 6219 8294 6269 den Beklagten zur mündlichen Verband⸗
7502 6266 8294 6310 lung des Rechtsſtreits vor das Land⸗
7502 6311 8296 6355 gericht in Hamburg, Zivilkammer 9
7503 6356 8293 6404 Ziviljuſtizgebäude, Sievekingplatz), auf
7499 6404 8291 6450 den 22. Februar 1924. Vormittags
7500 6447 8292 6497 9 ½ Uhr, mit der Aufforderung einen
7502 6493 8292 6544 bei dem gedachten Gerichte zugelaſſenen
7500 6539 8293 6587 Anwalt zu beſtellen. Zum Zwecke der
7504 6583 8292 6636 öffentlichen Zuſtellung wird dieſer Auszug
7499 6630 7974 6676 der Klage bekanntgemacht.
7542 6668 8236 6722 Hamburg, den 22. Dezember 1923.
7532 6719 8253 6770 Der Gerichtsſchreiber des Landgerichts.
8392 530 8534 577 [93759]
8446 576 9226 628 Die minderjährige Bertha Anna Hahl⸗
8392 622 9224 669 weg, Bergedorf, vertreten durch den
8395 664 9221 718 Berufsvormund in Bergedorf, Prozeßbevoll⸗
8392 710 9221 766 mächtigter: Rechtsanw Sieveking, Altona,
8391 754 9219 810 klagt gegen den Hausdiener Hans Hermann
8393 800 9218 852 Philipſen, z. Zt unbekannten Aufent⸗
8392 845 9216 897 halts, früher in Altona unter der Be⸗
8392 890 9216 942 hauptung, daß Beklagter der Klägerin
8390 937 9217 990 unterhaltspflichtig ſei mit dem Antrage
8388 980 9215 1030 auf Unterhalt in Höhe von 75 — fünf⸗
8389 1025 9216 1075 undſiebenzig — Rentenmark vierteljährlich.
8388 1069 9218 1122 Zur mündl. Verhandlung des Rechtsſtreits
8386 1116 9218 1166 wird der Beklagte vor das Amtsgericht in
8386 1161 9218 1215 Altona, Zimmer 183, auf den 17. März
8392 1207 9216 1256 1924, Vormittags 10 Uhr, geladen.
8433 1252 9102 1300 Altona, den 28. Dezember 1923.
8417 1297 9186 1348 Der Gerichtsſchreiber des Amtsgerichts.
8379 1381 8530 1430 [93764]
8552 1389 9088 1437 Oeffentliche Zuſtellung.
8429 1431 9211 1478 Das uneheliche Kind Anna Bauer von
8384 1475 9212 1529 Babing, klagt gegen den volljährigen
8384 1521 9209 1575 Dienſtknecht Ulrich Seidl von Babing,
8383 1568 9210 1618 z. Zt. unbekannten Aufenthalts, wegen
8382 1611 9209 1662 Unterhalts, mit dem Antrage, zu erkennen:
8384 1657 9211 1705 I. Der Beklagte wird verurteilt, an die
8380 1704 9208 1754 am 6 September 1921 in Silling ge⸗
8382 1748 9210 1795 borene Klägerin Anna Bauer von der
8379 1792 9208 1842 Klagezuſtellung bis zum vollendeten
8385 1839 9206 1888 16 Lebensjahre einen jährlichen, viertel⸗
8384 1883 9206 1933 jährlich vorauszahlbaren Unterhalt von
8385 1930 9206 1977 144 Goldmark, umgerechnet nach dem
8378 1971 9205 2027 amtlichen Mittelkurs am Tage der Zahlung,
8379 2020 9205 2070 zu bezahlen. II. Der Beklagte hat die
8378 2063 9203 2117 Koſten des Rechtsſtreits zu tragen.
8383 2110 9205 2164 III. Das Urteil wird, ſoweit geſetzlich zu⸗
8381 2153 9202 2202 läſſig, für vorläufig vollſtreckbar erklärt.
8379 2198 9205 2248 Der Beklagte Ulrich Seidl wird hiermit
8377 2247 9206 2295 zur mündlichen Verhandlung des Rechts⸗
8377 2289 9203 2342 ſtreits auf Mittwoch, den 20. Februar
8381 2334 9200 2386 1924. Vorm. 9 Uhr, vor das Amts⸗
8377 2381 9200 2433 gericht Vilshofen, Zimmer Nr. 7, geladen.
8375 2426 9200 2479 Die öffentliche Zuſtellung der Klage wurde
8372 2466 9198 2519 mit diesgerichtlichem Beſchluſſe vom 21. De⸗
8372 2518 8804 2562 zember 1923 bewilligt
8423 2564 9151 2612 Vilshofen, den 27. Dezember 1923.
8404 2606 9173 2659 Der Gerichtsſchreiber des Amtsgerichts.
8443 2792 9131 2906 4. Verloſung ꝛc.
8376 2895 9192 3008 von Wertpapieren.
8366 3034 8513 3081 [93786]
8584 3039 8982 3086 Bekanntmachung.
8502 3082 9067 3132 II. Kreisinhaberanleihe
8367 3126 9191 3178 des Landkreiſes Flensburg von 1901.
8409 3172 9190 3218 Die II. Kreisinhaberanleihe des Land⸗
8366 3217 9141 3267 kreiſes Flensburg von 1901, und zwar:
8410 3259 9189 3317 Buchſtabe A Nr. 2 — 6 8 — 10 12 bis
8369 3307 9190 3352 16 19 31 — 36 38 — 42 44 — 46 49 — 52 54
8366 3349 9190 3406 bis 56 58 — 60 65 — 70 74 76 — 78 80 bis
8364 3398 9188 3443 84 86 — 91 93 95 — 97 99 und 100 über
8363 3444 8532 3488 5000 ℳ
8412 3489 9189 3534 Buchſtabe B Nr. 101 102 104 bis
8365 3534 9190 3578 106 108 — 111 114 — 131 133 — 140 142
8364 3580 9190 3624 bis 152 154 — 164 166 — 169 171 — 174
8368 3625 9188 3668 186 — 194 196 197 199 — 206 208 212
8361 3667 9187 3714 214 — 229 232 — 252 254 — 260 262 — 266
8353 3716 9187 3758 268 — 276 291 294 — 298 300 — 309 312
8361 3761 9188 3804 bis 316 319 320 322 324 — 326 328 bis
8360 3805 9181 3850 332 335 338 — 354 356 — 364 366 — 371
8359 3850 9186 3894 373 — 385 387 — 396 398 — 402 404 — 420
8359 3897 9185 3940 422 423 425 426 429 — 439 441 — 464
8358 3941 9184 3986 466 — 476 478 480 — 491 493 494 496 bis
8357 3987 8725 4029 499 über 1000 ℳ,
8405 4033 9182 4077 Buchſtabe C Nr. 503 504 506 bis
8356 4078 9182 4121 509 512 513 515 517 518 520 521 523
8355 4122 9182 4166 525 — 527 530 534 537 — 540 542 — 544
8354 4167 9182 4210 546 551 — 553 555 — 558 560 561 565
8354 4212 9182 4256 570 571 574 575 577 578 580 — 585 589
8356 4258 9180 4302 bis 596 598 600 — 603 609 — 611 614
8354 4302 9180 4346 615 617 618 621 623 624 626 — 628 630
8354 4343 9180 4399 bis 635 637 638 642 643 645 647 bis
8353 4393 8703 4439 651 über 500 ℳ,
8401 4438 9178 4482 Buchſtabe D Nr. 653 656 — 660 665
8354 4483 9175 4527 bis 667 669 670 672 674 677 679 681
8351 4528 9178 4572 687 697 700 701 704 707 708 711 712
8352 4573 9178 4618 714 715 718 — 720 722 723 725 726 728
8350 4614 9178 4670 729 731 745 747 750 — 754 758 — 760
8350 4663 9176 4708 762 765 767 772 — 776 781 785 787 792
8349 4708 9175 4754 bis 799 801 804 — 806 809 811 812 816
8347 4754 8879 4801 817 820 821 über 200 ℳ,
8394 4800 9173 4848 wird hiermit zur Rückzahlung auf den
8350 4844 9175 4897 1. April 1924 gekündigt. An dieſem Tage
8349 4890 9171 4944 hört die Verzinſung auf. Die Einlöſung
8349 4936 9174 4989 erfolgt zum Nennwert gegen Einlieferung
8346 4981 9171 5031 der Schuldverſchreibungen nebſt Zins⸗ und
8349 5026 8753 5074 Erneuerungsſcheinen.
8392 5072 9170 5121 Flensburg, den 28. Dezember 1923.
8538 5119 8979 5167 Der Kreisausſchuß
8437 5164 9086 5214 des Landkreiſes Flensburg.
8344 5230 8491 5277 [93787]
8371 5275 9126 5326 4 ½ % Helſingforſer Stadtanleihe
8633 5323 8885 5363 von 1911.
8385 5364 9163 5415 Eine Ausloſung hat nicht ſtattgefunden,
8338 5409 9165 5461 da die Stadt die entſprechende Anzahl
8334 5453 9163 5507 Obligationen zurückgekauft hat, und zwar:
8385 5497 9172 5550 Lit. A Smk.⸗Fmt. 2515, Rmk. 2040,
8337 5546 9169 5593 £ 100, Frs. 2515, Kr. 1810, Nr. 19 20
8336 5591 9168 5638 21 22 30 78 217 284 308 508 509 572
8337 5628 9168 5681 606 615 629 642 661 668 669 729 730
8337 5683 9166 5726 731 732 733 734 735 736 737 738 739
8336 5727 9166 5771 740 741 742 743 744 745 746 747 748
8337 5772 9165 5816 749 750 751 752 753 754 755 756 757
8336 5819 9166 5862 758 799 800 801 802 803 915 916 932
8334 5863 9165 5907 933 934 935 936 1080 1148 1216 1217
8339 5908 9162 5953 1218 1219 1229 1247 1261 1276 1341
8336 5953 8790 5994 1342 1345 1346 1372.
8380 5997 9159 6049 Frühere Ausloſungen: Nr. 7996 (1916).
8380 6047 9163 6096 Lit. B Smk.⸗Fmt. 503, Rmk. 408, £ 20,
8332 6088 9165 6137 Frs. 503, Kr. 362. Nr. 21 22 23 24 25
8332 6133 9164 6178 26 27 28 29 30 31 32 33 34 35 36 37
8334 6177 9164 6230 38 39 40 41 42 43 44 45 46 47 48 49
8328 6222 9163 6274 50 56 57 58 163 205 215 220 221 222
8332 6271 9162 6315 229 230 231 232 234 235 241 242 243
8327 6313 9160 6365 282 283 284 304 305 306 368 370 371
8330 6357 9160 6410 372 396 400 401 409 410 449 450 451
8329 6403 9162 6455 452 458 459 466 467 468 558 559 560
8329 6448 9158 6495 561 562 563 564 565 566 567 568 569
8328 6497 9159 6540 570 695 701 702 830 831 832 833 834
8334 6544 8494 6581 842 843
8377 6588 8942 6635 Frühere Auslofungen: keine.
8423 6633 9076 6682 Drätſelkontoret Helſingfars,
8594 6680 8913 6726 Dezember 1923.
8324 6723 9155 6773 Johan Helv. Oscar Paldani
