10712 7528
1050 809 2405 856 auf dem Gebiete der Siedlung Rechnung zu tragen, und daß das
1050 862 2406 910 Beſtreben, das ſich neuerdings bei der Hergabe von Reichsmitteln
1049 920 2397 966 für dieſen Zweck gezeigt hat, auch eigene Reichsſiedlungsbehörden
1048 973 2397 1022 zu ſchaffen, von der preußiſchen Regierung mit allem Nachdruck
1046 1030 1542 1076 bekämpft wird. (Bravo!)
1136 1084 2399 1131 Zu der Frage der Angliederung anderer Länder
1045 1140 2395 1186 an Preußen habe ich auch ſchon im Ausſchuß ausgeführt, daß es
1047 1194 2395 1246 nicht im Intereſſe Preußens liegt, nach außen erkennen zu laſſen
1047 1250 2394 1302 oder auch ſich zu bemühen, weitere Länder in das preußiſche
1046 1308 2399 1359 Staatsgebiet einzubeziehen. Das würde das Gegenteil von dem
1046 1363 2394 1414 bewirken, was uns erwünſcht erſcheint. Ich habe im Ausſchuß
1046 1419 2392 1471 ausgeführt und unterſtreiche das auch hier: wenn in einer Reihe
1051 1472 2391 1525 deutſcher Kleinſtaaten die Auffaſſung Platz greift und ſich verbreitet,
1046 1530 2392 1581 daß wir uns dieſe Kleinſtaaterei mit ihrem ſelbſtändigen
1049 1585 2393 1636 Regierungsapparat heute bei unſerer wirtſchaftlichen Not nicht
1048 1641 2397 1691 mehr leiſten können, daß es zweckmäßiger und auch rationeller
1055 1698 2399 1747 ſei, ſich einem größeren Staate, wie vor allem Preußen, das das
1045 1753 2396 1802 größte deutſche Land iſt, anzuſchließen, ſo können wir das nur
1046 1808 2391 1855 begrüßen und werden alles tun, dieſe Beſtrebungen nicht gerade
1041 1862 2391 1912 aktiv zu unterſtützen, ihnen aber keinerlei Hinderniſſe in den Weg
1044 1920 1418 1966 zu legen. (Bravo!)
1127 1973 2390 2020 Ueber die Groß⸗Hamburg⸗Frage möchte ich hier in
1043 2028 2395 2077 aller Oeffentlichkeit noch weniger ſprechen als im Ausſchuß. Wenn
1043 2084 2391 2131 nun wieder der Antrag vorgelegt worden iſt, für dieſe Frage einen
1043 2138 2391 2188 Ausſchuß einzuſetzen, ſo möchte ich auch hier bitten, von der Ein⸗
1043 2194 2390 2244 ſetzung eines Ausſchuſſes Abſtand zu nehmen. Ich kann ſchließlich
1040 2250 2389 2298 das Parlament nicht hindern, einen ſolchen Ausſchuß einzuſetzen;
1044 2304 2391 2353 aber zweckmäßig erſcheint es mir nicht. Die Dinge liegen ſo, daß
1041 2360 2391 2411 die Verhandlungen mit Groß⸗Hamburg, wenn ſie im Intereſſe
1045 2415 2391 2463 Preußens und auch des Reiches geführt werden ſollen, ſich ſo
1042 2472 2398 2520 ſchwierig geſtalten, daß in den vorbereitenden Stadien, d. h. wenn
1040 2526 2391 2575 die Sache noch nicht ſo weit gereift iſt, daß ſie nach der Verfaſſung
1040 2582 2396 2628 dem Parlament unterbreitet werden muß, mehr Schaden an⸗
1050 2638 2386 2686 geſtiftet als Nutzen geſchaffen werden kann. Es wird geſagt:
1042 2693 2391 2741 dieſer Ausſchuß kann ja gewiſſe Dinge vertraulich behandeln.
1039 2747 2390 2796 Aber man hat nun eben oft die Erfahrung gemacht: für je ver⸗
1042 2803 2390 2852 traulicher man die Sache erklärt, deſto intereſſanter iſt die
1046 2859 2388 2908 Nachricht, und deſto ſchneller wird ſie — mitunter ganz unbewußt, ganz
1042 2914 2388 2962 ungewollt — verbreitet. Es gibt doch nun aber gewiſſe Dinge
1042 2969 2388 3018 bei den Verhandlungen und bei der Taktik, die die Regierung
1044 3025 2389 3075 einſchlagen muß, die von Motiven geleitet werden, die man nicht
1041 3080 2400 3128 immer bei den Verhandlungen ausſprechen kann, die aber, wenn
1043 3131 2397 3187 ſie nicht ausgeſprochen werden, dieſen und jenen Schritt der
1041 3190 2389 3239 Regierung nicht recht verſtändlich erſcheinen laſſen. Deshalb
1041 3246 2389 3296 möchte ich Sie bitten, im Intereſſe Preußens davon Abſtand zu
1042 3301 2392 3350 nehmen, in dem jetzigen Stadium die Sache ſchon zum Gegenſtand
1038 3357 2387 3406 der Verhandlung eines parlamentariſchen Ausſchuſſes zu machen.
1040 3411 2390 3465 Ich gebe Ihnen hier die Verſicherung, daß die Dinge ſo rechtzeitig
1040 3467 2388 3515 an das Parlament kommen werden, wenn die Verhandlungen
1046 3524 2389 3574 ſo weit vorgeſchritten ſind, daß nach keiner Richtung hin eine
1041 3578 2394 3628 Bindung derart vorliegt, daß das Parlament nicht völlig freie
1040 3634 2389 3683 Hand in ſeiner Entſchließung über das Ergebnis der Verhand⸗
1035 3692 1776 3739 lungen der beiden Regierungen hat.
1128 3744 2395 3793 Was die Stellungnahme zu der einheitlichen Stimm⸗
1038 3800 2387 3853 abgabe anlangt, ſo möchte ich den Verhandlungen hier nicht
1044 3855 2388 3908 vorgreifen. Die Dinge ſchweben ja noch im Ausſchuß, und ich
1037 3910 2396 3966 habe bereits im Hauptausſchuß bei den Verhandlungen über
1046 3965 2394 4020 meinen Etat erklärt, daß eine einheitliche Stimmabgabe der preußi⸗
1046 4021 2393 4078 ſchen Bevollmächtigten im Reichsrat im Intereſſe Preußens und
1038 4074 2390 4135 für ſein Anſehen und ſeinen Einfluß im Reich ſehr erwünſcht iſt.
1045 4130 2392 4187 Davon haben ſich auch diejenigen Herren Abgeordneten hier
1039 4185 2388 4243 leiten laſſen, die immer wieder beſtrebt waren, auf dem Wege der
1039 4241 2390 4298 Landesgeſetzgebung dieſe erwünſchte Regelung herbeizuführen.
1040 4296 2390 4355 Bisher iſt der geeignete Weg nicht gefunden worden, und ich habe
1032 4353 2390 4410 im Ausſchuß auch Zweifel darüber geäußert, ob ohne Aenderung
1040 4407 2391 4463 der in Frage kommenden Beſtimmungen der Reichsverfaſſung
1039 4461 2391 4520 eine geſetzliche Regelung möglich ſein wird, die im Intereſſe
1039 4517 2391 4578 Preußens liegt. Sollte es gelingen, dieſe hier im Landtage herbei⸗
1041 4572 2390 4634 zuführen, ſollte ſie auch unangefochten bleiben, ſo würde die
1041 4624 2391 4688 preußiſche Staatsregierung das ſehr begrüßen; denn der jetzige
1041 4679 2397 4743 Zuſtand der Zerſplitterung der preußiſchen Stimmen im Reichsrat
1043 4739 2397 4798 liegt nicht im Intereſſe Preußens. Wenn hier und da der
1041 4795 2392 4856 preußiſche Einfluß im Reiche ſich nicht ſo geltend machen kann,
1046 4850 2394 4910 wie es oft gewünſcht wird, beſonders auch hier im Landtage, ſo iſt
1039 4904 2395 4963 das nicht zuletzt auch unter Umſtänden auf die Schwächung zurück⸗
1044 4959 2394 5022 zuführen, die durch dieſe unglückſelige Beſtimmung der Reichs⸗
1051 5018 2263 5078 verfaſſung der preußiſche Einfluß im Reichsrat erlitten hat.
1132 5081 2396 5141 Im Zuſammenhang damit möchte ich auch hier noch kurz die
1042 5137 2403 5195 von dem Herrn Abgeordneten Baecker angeregte Frage der
1042 5194 2398 5252 Beſtellung eines preußiſchen Mitgliedes zum
1041 5246 2396 5307 Verwaltungsrat der Reichseiſenbahn ſtreifen. Ich
1040 5302 2397 5367 hobe das auch bereits im Ausſchuß hinreichend erörtert, möchte
1038 5357 2396 5421 aber hier heute noch einmal klar zum Ausdruck bringen, daß
1047 5416 2395 5477 Preußen ſeit einigen Monaten mit dem Reich in Verhandlungen
1042 5468 2400 5533 ſteht über die Beſetzung einer vakant gewordenen Stelle im Ver⸗
1043 5523 2397 5584 waltungsrat der Reichsbahn. Es war bisher zwiſchen dem Reich
1041 5579 2403 5641 und Preußen kein Zweifel darüber, daß dieſe Stelle nur im Ein⸗
1042 5634 2402 5698 vernehmen mit der preußiſchen Staatsregierung beſetzt werden
1043 5689 2398 5754 ſollte. Der bisherige Vertreter, deſſen Stelle durch Tod frei ge⸗
1039 5745 2400 5807 worden iſt, iſt im Einvernehmen mit der Preußiſchen Staats⸗
1041 5800 2398 5864 regierung ernannt worden. Wir haben vor längerer Zeit einen
1046 5855 2400 5919 Vorſchlag gemacht; das Reich hat ihn noch nicht akzeptiert. Vor
1046 5911 2404 5974 einiger Zeit haben nun der Reichskanzler und der zuſtändige Ver⸗
1046 5966 2401 6030 kehrsminiſter beſtritten, daß eine bindende vertragliche Verein⸗
1043 6020 2401 6084 barung zwiſchen Preußen und dem Reich darüber beſteht, daß
1046 6076 2403 6140 dieſes Verwaltungsratmitglied nur im Einvernehmen mit
1047 6131 2406 6196 Preußen ernannt werden kann. Ich habe die Sache noch einmal
1047 6187 2402 6252 nachprüfen und das Ergebnis dem Reichskanzler auch zugehen
1051 6243 2408 6308 laſſen. Danach ſcheint es mir wenigſtens zweifelsfrei, daß wir
1047 6301 2403 6360 einen rechtlichen Anſpruch darauf haben, mitzubeſtimmen, wer
1047 6354 2407 6419 dieſen Sitz im Verwaltungsrat bekleiden ſoll, und wir werden
1045 6409 2406 6472 deswegen auch in Zukunft, bis die Frage geklärt iſt, mit allem
1048 6475 1842 6528 Nachdruck dieſen Standpunkt vertreten.
1131 6521 2405 6582 Wegen der „DAZ.“ kann ich zu den Ausführungen des Herrn
1051 6574 2406 6639 Abgeordneten Baecker ſagen: wenn die „Voſſiſche Zeitung“ ge⸗
1051 6630 2413 6693 ſchrieben hat, die Verhandlungen ſeien wochenlang gegangen und
1054 6686 2407 6746 ein ſchneller Zugriff ſei nicht nötig geweſen, ſo weiß ich nicht,
1059 6736 2407 6800 welche Verhandlungen die „Voſſiſche Zeitung“ im Auge hat. Mit
1066 6798 2408 6855 dem Stinnes⸗Konzern haben viele verhandelt, nicht nur Ullſtein und
1060 6851 2409 6907 andere Betriebe, unter anderen ſind wir auch dazu gekommen, und
1058 6906 2410 6965 dann haben wir ſchnell zugegriffen. Daraus iſt nicht zu ſchließen,
2471 805 3810 853 daß der ſchnelle Zugriff nicht nötig war; vielleicht war er gerade
2471 861 3807 910 nötig, weil ſchon wochenlang andere verhandelt haben. (Zurufe
2468 916 3809 963 bei der Deutſchnationalen Volkspartei.) — Die „Voſſiſche Zeitung“
2469 972 3811 1018 iſt ja nicht Regierungsorgan. Wir haben kein Regierungsorgan
2469 1028 3812 1073 und wollen die „DAZ.“ nicht einmal als Regierungsorgan haben.
2467 1082 3811 1128 Ich muß Sie ſchon bitten, ſich an das zu halten, was ich über
2467 1137 3806 1183 die Verhandlungen der Regierung ſage. Mir iſt nicht bekannt,
2466 1193 3812 1238 daß von Regierungsſeite wochenlang verhandelt worden wäre.
2466 1248 3808 1294 Mir iſt aber bekannt, daß von anderen Seiten verhandelt worden
2464 1304 3808 1351 iſt, und das war ein Grund mehr, ſchnell zuzugreifen. Was jetzt
2466 1358 3803 1406 verhandelt wird, iſt noch nicht abgeſchloſſen. Wenn Sie die Mittel,
2465 1415 3804 1462 die für den Ankauf der Druckerei aufgewendet ſind, zu bewilligen
2465 1470 3814 1517 haben werden, wird man ja über die Einzelheiten wieder ſprechen
2465 1528 2610 1564 können.
2551 1591 3810 1638 Zum Schluß noch eins. Auch hier iſt wieder meine Rede
2465 1645 3809 1694 in die Debatte gezogen worden, die ich auf dem Reichs⸗
2463 1701 3803 1749 bannertag in Hamburg gehalten habe. Ich hätte dadurch
2457 1757 3802 1803 — erklärte Herr Abgeordneter Baecker (Berlin) — der Agitation
2464 1812 3802 1859 gegen den Richterſtand Nahrung gegeben. Niemand, der in der
2464 1866 3807 1914 Oeffentlichkeit ſpricht, hat in der Hand, was andere aus ſeinen
2461 1922 3802 1969 Worten machen und zu welcher Agitation ſie ſie ausnutzen. Sie
2465 1977 3807 2024 (nach rechts) zitieren oft ſozialdemokratiſche Stimmen, und als
2460 2032 3807 2080 die ſozialdemokratiſchen Redner das ſprachen oder die Redakteure
2459 2086 3801 2134 das ſchrieben, das Sie zitieren, haben ſie durchaus nicht die Abſicht
2463 2143 3806 2189 gehabt, Ihnen, Herr Baecker (Berlin), oder Ihnen, Herr von der
2471 2198 3801 2247 Oſten, das Material zu Ihrer Agitation zu liefern. Das hat alſo
2461 2252 3800 2300 kein Politiker in der Hand, und oft iſt es Ihnen auch unangenehm,
2459 2308 3809 2356 wenn Sie in einer beſtimmten Situation zu einer beſtimmten
2460 2363 3802 2411 Beweisführung, die nicht in Ihrem Sinne liegt, zitiert werden.
2464 2418 3801 2466 Dieſen Vorwurf — glaube ich — dürfen Sie gegen mich alſo
2463 2473 3805 2520 nicht erheben. Sie müſſen ſich an die Tatſachen halten, ins⸗
2463 2528 3801 2577 beſondere an das, was ich tatſächlich in Hamburg geſagt habe. Ich
2462 2582 3801 2631 habe im Ausſchuß den Wortlaut vorgeleſen, ich will ihn hier nicht
2463 2639 3800 2686 wiederholen, er liegt in der Beantwortung der kleinen Anfrage
2462 2693 3804 2741 der Herren von der Deutſchen Volkspartei ja gedruckt vor. Meine
2460 2749 3800 2797 Ausführungen richten ſich lediglich gegen einzelne Organe der
2463 2804 3799 2851 Rechtspflege, wobei ich alſo nicht einmal den Richterſtand meine;
2461 2858 3800 2906 denn die Organe der Rechtspflege ſind nicht nur der Richterſtand,
2461 2913 3802 2962 ſondern dazu gehört die Staatsanwaltſchaft und die Anwaltſchaft,
2461 2967 3806 3016 das ſind alles Organe der Rechtspflege, und ich habe abſichtlich —
2462 3024 3809 3073 (Zuruf bei der Deutſchnationalen Volkspartei: Das ſind Organe
2470 3080 3806 3128 der Rechtspflege!) — So weit Juriſt bin ich nun doch nicht, Herr
2463 3134 3806 3183 Abgeordneter Bachem, daß ich mich auch noch auf dieſe Wort⸗
2462 3189 3806 3237 klauberei einlaſſen könnte. (Zuruf bei der Deutſchnationalen
2463 3244 3800 3293 Volkspartei.) — Nein, die Maſſen machen die Unterſcheidung
2462 3298 3804 3348 nicht, die haben meiſt einen juriſtiſch ſo unverbildeten, geſunden
2461 3352 3802 3403 Menſchenverſtand (ſehr gut! und Heiterkeit bei den Sozial⸗
2461 3408 3800 3454 demokraten und in der Mitte) und beurteilen die Sache ganz
2461 3462 3799 3514 nüchtern, nicht ſo, wie Sie ſie für einen beſtimmten Zweck ſich
2469 3519 3800 3571 zurechtkonſtruieren. Ich habe davon geſprochen, daß einzelne
2460 3572 3799 3624 Organe der Rechtspflege in völliger Verkennung ihres hohen
2460 3629 3804 3680 Berufes ſich ſchützend vor die Feinde der Republik, von denen
2460 3684 3802 3734 ich vorher geſprochen hatte, ſtellen und verhindern, daß entgegen
2459 3739 3805 3788 dem Staatsintereſſe mit dem hellen Licht der Oeffentlichkeit das
2461 3793 3800 3845 ganze Treiben, das zu dieſen ſchändlichen Fememorden geführt hat,
2469 3849 3802 3902 aufgedeckt wird. (Zurufe bei der Deutſchnationalen Volkspartei.)
2456 3903 3808 3954 — Jawohl, das genügt mir auch, Herr Baecker (Berlin). Würde
2463 3957 3807 4009 ich mir nicht die Hemmungen auferlegen müſſen, die mein Amt
2460 4009 3809 4064 mit ſich bringt, könnte ich als Parteipolitiker ſprechen und wäre
2461 4064 3801 4118 ich gar noch wie Sie in der glücklichen Lage der Oppoſition, ſo
2459 4120 3809 4173 würde ich vielleicht über dieſe Dinge etwas ſchärfer ſprechen. Aber
2462 4176 3802 4230 ich weiß, was mir mein Amt auferlegt, und habe mich deswegen
2465 4230 3808 4285 auch ſehr zurückhaltend, konkret und deutlich ausgedrückt. Meine
2462 4285 3807 4340 Ausführungen bezogen ſich lediglich auf die Vorgänge bei dem
2462 4340 3804 4394 Fememordprozeß und auf den Ausſchluß der Oeffentlichkeit. In
2463 4394 3803 4449 der Beantwortung der kleinen Anfrage iſt mit aller Deutlichkeit
2463 4449 3804 4506 ausgeführt, wie ich zu meinem Urteil komme. Wenn das Gericht
2458 4506 3805 4569 erſt von der Reichsregierung und der Staatsregierung ein Votum
2463 4560 3810 4616 einholt, ob es im Staatsintereſſe erforderlich iſt, die Oeffentlichkeit
2464 4614 3807 4672 auszuſchließen, wenn das Gericht ſich alſo ſelbſt nicht darüber
2458 4670 3805 4724 klar war und nunmehr von beiden Stellen, von der Reichs⸗
2472 4727 3812 4783 regierung und von der Staatsregierung, die Mitteilung bekommt:
2464 4781 3812 4837 nein, das Staatsintereſſe erheiſcht nicht den Ausſchluß der
2465 4836 3805 4894 Oeffentlichkeit (Zuruf bei der Deutſchnationalen Volkspartei:
2469 4890 3809 4948 Aber Vertagung!) — einen Moment —, ſondern im Gegenteil, die
2468 4946 3807 5002 Regierung hat ein Intereſſe daran, daß öffentlich getagt wird;
2471 5000 3810 5055 aber aus einem ganz beſonderen Grunde, den ich hier nicht
2475 5056 3813 5112 nennen will, wäre es uns erwünſcht, daß der Prozeß um einige
2473 5106 3811 5169 Wochen vertagt wird, und wenn darauf das Gericht erklärt: „Wir
2473 5162 3812 5224 vertagen nicht, ſondern ſchließen die Oeffentlichkeit aus“, dann,
2472 5221 3813 5281 muß ich ſagen, iſt mir das Vorgehen des Gerichts unverſtändlich.
2474 5278 3814 5337 (Zuruf von der Deutſchen Volkspartei: Sie wollen ruhig un⸗
2473 5332 3815 5394 ſchuldige Leute vier Wochen im Kaſten ſitzen laſſen? — Zurufe
2471 5387 3815 5449 links: Fememörder!) — Sehen Sie, Herr Abgeordneter Stendel,
2474 5443 3815 5504 Sie find jetzt eben ein lebendes Beiſpiel dafür, wie wenig ſich
2474 5500 3817 5562 oft auch der Richter in ſeinem Unterbewußtſein von ſeiner Partei⸗
2474 5553 3816 5617 auffaſſung trennen kann! (Na, na! rechts. — Sehr richtig! links.)
2474 5610 3828 5671 Sie haben eben erklärt: „Sie laſſen einfach unſchuldige Leute
2473 5663 3818 5726 vier Wochen im Gefängnis ſitzen!“ Woher wiſſen Sie denn, daß
2476 5720 3821 5783 ſie unſchuldig ſind? Sie ſind ja dann zum Tode verurteilt
2476 5775 3823 5836 worden. Alſo unſchuldige Leute ſind nach Ihrer Meinung zum
2474 5831 3816 5889 Tode verurteilt worden? (Zuruf von der Deutſchen Volkspartei:
2476 5887 3824 5947 Alle ſind verurteilt worden?) — Nicht alle. (Zuruf von der
2477 5943 3822 6004 Deutſchen Volkspartei: Darauf kommt es doch an! — Lebhafte
2478 5997 3824 6060 Gegenrufe links.) — Ich hoffe, Herr Stendel, daß Sie, wenn Sie
2478 6055 3826 6116 auf dem Richterſtuhle ſitzen, ſich weniger von Ihrem Temperament
2478 6109 3825 6171 leiten laſſen als hier. (Sehr gut! links.) Wie können Sie ſagen,
2479 6164 3827 6226 daß wir unſchuldige Leute länger hätten im Gefängnis ſitzen
2478 6220 3829 6282 laſſen wollen? (Zuruf von der Deutſchen Volkspartei: Sie haben
2479 6273 3826 6337 das nicht gewünſcht! Das habe ich nicht geſagt!) Die Folge iſt
2483 6332 3829 6395 geweſen — und das iſt das, was ich in meiner Antwort aus⸗
2483 6381 3828 6450 geführt habe —, daß durch dieſen mir ganz unverſtändlichen
2479 6439 3830 6504 und auch durch den Gang der Verhandlungen in keiner Weiſe
2478 6495 3832 6561 begründeten Beſchluß das Gericht ſich tatſächlich ſchützend vor die
2483 6550 3833 6616 Hintermänner geſtellt hat, auf die ja letzten Endes dieſe ſcheuß⸗
2483 6606 3834 6675 lichen Fememorde alle zurückzuführen ſind. (Sehr richtig! links.)
2484 6662 3833 6728 Ich habe erklärt und erkläre es auch heute an dieſer Stelle: So⸗
2481 6716 3834 6787 lange es nicht gelingt, die intellektuellen Urheber dieſer ſcheuß⸗
2487 6772 3836 6838 lichen Morde zu ermitteln und zu faſſen, ſolange wir nur die
2488 6828 3836 6894 armſeligen Werkzeuge dieſer Hintermänner vor das Gericht
2487 6883 3836 6951 ſtellen und aburteilen (ſehr richtig! links. — Zurif rechts: Das
3886 805 5224 851 hat damit gar nichts zu tun!), werden wir dieſe ſcheußlichen
3886 857 5234 905 Fememorde nicht ausrotten. (Lebhafte Zuſtimmung links. —
3884 914 5228 960 Zuruf rechts.) Aus dieſem Gefühl heraus habe ich mich ver⸗
3883 969 5222 1015 anlaßt geſehen, dieſe Frage einmal in aller Oeffentlichkeit anzu⸗
3883 1024 5225 1071 ſchneiden. (Zuruf von der Deutſchnationalen Volkspartei: Sie
3883 1080 5221 1127 haben dem Gericht bewußt parteiiſches Handeln vorgeworfen!)
3882 1134 5223 1182 — Dieſe Behauptung haben Sie in Ihrer kleinen Anfrage auf⸗
3881 1189 5222 1238 geſtellt (Zuruf von der Deutſchen Volkspartei: Dann leſen Sie
3883 1246 5220 1294 Abſatz 2!), ſie iſt aber nach keiner Richtung hin ſubſtantiiert.
3881 1301 5227 1350 (Zuruf von der Deutſchen Volkspartei: Leſen Sie Abſatz 2!) —
3881 1355 5227 1403 Wie Sie es verſtehen! Dafür kann ich nicht. (Zuruf von der
3878 1411 5218 1460 Deutſchen Volkspartei: Nach dem Sprachgebrauch wird das ſo
3881 1466 5224 1518 verſtanden, Herr Miniſterpräſident!) — Leider ſcheint heute in
3881 1521 5218 1571 Deutſchland bei den einzelnen Parteien der Sprachgebrauch ſo
3881 1578 5225 1628 verſchieden zu ſein, daß man einander überhaupt nicht mehr ver⸗
3880 1631 5223 1683 ſteht. (Sehr gut! links.) Ich muß offen geſtehen: auf mich wirkt
3880 1686 5219 1739 es geradezu deprimierend, wenn ich, nachdem ich zwei Tage im
3881 1741 5218 1793 Rheinland war, wo man in der Tat nur eine Sprache hörte, jetzt
3880 1798 5220 1848 wieder hinabgezogen werde in dieſe Niederung einer parlamen⸗
3881 1851 5217 1905 tariſchen Auseinanderſetzung, in der ſo offen hervortritt, daß
3879 1907 5220 1958 wir einander bei den einfachſten Dingen nicht mehr verſtehen und
3877 1961 5217 2015 daß der Sprachgebrauch und die Sprache ſo verſchieden ſind.
3878 2017 5216 2072 (Zuruf rechts: Das hätten Sie in Hamburg und Altona bedenken
3878 2071 5217 2127 ſollen!) — Meine Damen und Herren, ich kann verlangen, daß
3877 2127 5220 2182 das, was ich da geſprochen habe, nicht anders ausgelegt wird als
3879 2184 5220 2240 ſo, wie ich es geſagt und gemeint habe. (Zuruf rechts: Dann
3882 2238 5216 2294 wenden Sie ſich an Ihre Preſſe und verlangen Sie von ihr, daß
3878 2293 5219 2350 ſie es ſo auslegt, wie Sie geſprochen haben!) Meine Damen und
3879 2342 5216 2404 Herren, noch eines! Der Herr Abgeordnete Baecker hat auch
3879 2403 5221 2459 meine kurze Altonaer Rede, die vielleicht zwei Minuten
3877 2457 5215 2515 gedauert hat, hier angezogen. Ich habe leider kein Konzept bei
3878 2514 5214 2568 der Rede in Händen gehabt. Aber er hätte ſich wenigſtens an den
3877 2568 5214 2623 Wortlaut der Rede halten ſollen, die ich tatſächlich gehalten habe,
3880 2625 5224 2682 nicht an einen gekürzten, irreführenden Bericht. Ich habe aus⸗
3880 2680 5218 2736 drücklich erklärt — und ein Blatt, deſſen Berichterſtatter neben
3878 2732 5215 2792 mir ſtand, der alſo die Möglichkeit hatte, einen richtigen Bericht
3879 2788 5213 2847 über dieſe Rede zu bringen, die ich von einem Balkon aus nachts
3878 2842 5213 2900 um 11 Uhr zu einer großen Maſſe gehalten habe, hat berichtet,
3875 2897 5213 2957 daß ich geſagt habe: Das Reichsbanner war notwendig zur Ver⸗
3880 2953 5212 3013 teidigung der Republik. (Unruhe und Zurufe rechts.) — Ja,
3880 3008 5213 3063 meine Damen und Herren, das iſt eine geſchichtliche Tatſache.
3879 3063 5214 3122 Vier, fünf Jahre lang haben ſich die Rechtsgerichteten in allen
3879 3117 5215 3177 möglichen Spielarten organiſiert als alle möglichen Orden uſw.
3878 3165 5217 3232 und haben in ihrem Kraftgefühl bei jeder Gelegenheit die Anders⸗
3877 3228 5219 3286 denkenden, die Republikaner, terroriſiert, daß es in der Tat ein
3876 3286 5212 3340 Akt der Verteidigung des heutigen republikaniſchen Staates war,
3875 3337 5214 3396 wenn das Reichsbanner gegründet wurde. (Lebhafte Zurufe
3875 3391 5230 3454 rechts.) Der Umſtand, daß dieſe Organiſation in ſo verhältnis⸗
3882 3449 5224 3509 mäßig kurzer Zeit eine ſo koloſſale Verbreitung gefunden hat
3876 3499 5222 3564 (erneute Zurufe von der Deutſchnationalen Volkspartei) — Herr
3879 3559 5218 3617 von der Oſten, es wird ja einmal bei den Unterſuchungsaus⸗
3876 3612 5214 3676 ſchüſſen feſtgeſtellt werden, wo das Geld für die Fememord⸗
3879 3667 5215 3731 organiſationen und ähnlichen Organiſationen hergekommen iſt.
3879 3721 5214 3786 Tatſache iſt aber, daß eine ſo große Volksbewegung, wie die
3878 3778 5214 3842 Reichsbannerbewegung nicht mit Geld hervorgerufen wird, Herr
3880 3832 5215 3895 von der Oſten; ſie entſpringt einem tiefgefühlten Bedürfnis
3881 3886 5217 3950 weiteſter republikaniſcher Volkskreiſe, und ſie wird, ſolange ſie
3882 3939 5222 4004 notwendig iſt, weiter wachſen und mit voller Kraft wirken. Ich
3878 3991 5226 4060 habe in jener Verſammlung erklärt: „Das war wichtig zur Ver⸗
3878 4050 5216 4113 teidigung der Republik, und das iſt es heute noch. Jetzt kommt
3878 4104 5222 4166 aber der Zeitpunkt, wo Sie zur Offenſive übergehen müſſen, wo
3878 4161 5218 4224 Sie die Köpfe und Herzen der weiteſten Bevölkerungskreiſe er⸗
3884 4216 5222 4278 obern und öffnen müſſen für die republikaniſche Idee. Denn
3885 4270 5222 4336 erſt wenn in den Köpfen und Herzen weiteſter Volkskreiſe die
3885 4326 5223 4391 republikaniſche Idee verankert iſt, braucht man keine beſondere
3887 4380 5220 4446 Organiſation zur Verteidigung der Republik. Dann iſt die
3880 4432 5221 4503 Republik gegen jeden Angriff von rechts gefeit.“ Das iſt meine
3881 4487 5225 4555 Rede. (Zuruf rechts.) — Freilich, Herr Abgeordneter, Sie werden
3886 4545 5222 4611 von Ihrem Parteiſtandpunkt aus etwas dagegen haben. Ich
3882 4601 5224 4668 nehme aber für mich in Anſpruch, die heutige Staatsform, die
3884 4658 5223 4723 Republik, als Miniſter zu verteidigen und diejenigen Staats⸗
3883 4712 5221 4779 bürger, die ſich gegen die Organiſationen zuſammengeſchart haben,
3883 4771 5222 4833 die die heutige Staatsform vernichten wollen, nicht nur zu unter⸗
3884 4822 5223 4891 ſtützen, ſondern ſie in jeder Weiſe zu fördern. (Lebhaftes Bravo.)
3888 4876 5226 4942 Das werde ich auch in Zukunft bis zu dem Tage tun, wo auch
3889 4932 5227 5001 Sie (nach rechts) ſich mit der Republik abgefunden haben (Lachen
3886 4988 5228 5056 rechts) und Ihre Organiſationsſpielereien mit Stahlhelm, Orden
3888 5043 5227 5110 und Wehrwölfen aufgegeben haben. Dann wird auch das Reichs⸗
3888 5098 5226 5166 banner überflüſſig werden, dann wird es Gemeingut aller
3890 5151 5228 5222 Deutſchen ſein, daß unſer Staat, unſere Verfaſſung republikaniſch
3895 5206 5230 5280 iſt und wir nur auf dem Boden der Republik zu einer Auf⸗
3893 5265 5233 5332 wärtsentwicklung in der Wirtſchaft und im Staatsweſen kommen.
3889 5338 4265 5390 (Lebhaftes Bravo.)
4027 5487 5098 5557 148. Sitzung vom 24. März 1926, mittags 12 Uhr.
3895 5567 5232 5638 (Bericht des Nachrichtenbüros des Vereins deutſcher Zeitungsverleger“.)
3995 5630 5231 5704 Vor Eintritt in die Tagesordnung ſpricht Präſident
3895 5686 5239 5756 Bartels dem Zentrumsabgeordneten Faßbender zu
3899 5733 5238 5810 ſeinem heutigen 70. Geburtstage und dem Zentrumsabgeord⸗
3898 5783 5246 5855 neten Dr. Porſch, der heute auf eine 42 jährige Tätigkeit
3901 5834 5238 5903 im Preußiſchen Landtage zurückblicken kann, im Namen des
3894 5884 5235 5955 Hauſes und unter dem Beifall der Abgeordneten, die ſich von
3894 5934 5244 6004 ihren Sitzen erheben, herzliche Glückwünſche des Landtags aus.
3989 5982 5241 6047 Abg. Schwenk (Komm.) beantragt, daß als erſter Gegen⸗
3901 6029 5240 6094 ſtand auf die heutige Tagesordnung ein kommuniſtiſcher Urantrag
3898 6070 5244 6137 geſetzt werde, der ſich dagegen wendet, daß die Schutzpolizei in
3905 6114 5249 6180 Hannover eine friedliche Erwerbsloſendemonſtration geſtört und
3907 6157 5243 6220 mit Gummiknüppeln auf die Erwerbsloſen eingeſchlagen habe.
3904 6197 5247 6267 Mehrere Schwerverletzte ſeien auf dem Platze liegen geblieben, und
3907 6243 5243 6311 ſelbſt der Hauptmann Engelmann, der die Schupo befehligte, habe
3905 6284 5243 6355 auf Jugendliche eingeſchlagen. Die Kommuniſten fordern die Be⸗
3885 6332 5245 6400 ſtrafung der ſchuldigen Schutzpolizeibeamten und die Dienſtent⸗
3905 6393 4666 6444 hebung des Hauptmanns Engelmann.
4006 6420 5245 6487 Dem kommuniſtiſchen Antrag wird nicht widerſprochen;
3907 6462 5244 6539 er wird daher als erſter Gegenſtand zur Beſprechung geſtellt.
3995 6518 5246 6588 Abg. Schwenk⸗Berlin (Komm.) verweiſt darauf, daß trotz
3907 6562 5246 6631 des ſozialdemokratiſchen Miniſters die Erwerbsloſen heute mit den
3908 6607 5245 6675 Mitteln des alten Untertanenſtaates, mit Seitengewehren,
3906 6646 5255 6717 Gummiknüppeln und ſchließlich blauen Bohnen unterdrückt
3910 6695 5251 6764 würden, ohne daß man ſich ihrer Not erbarme. Das liege im
3995 6822 5246 6894 *) Mit Ausnahme der durch Sperrdruck hervorgehobenen Reden
3902 6874 5073 6944 der Herren Miniſter, die im Wortlaute wiedergegeben ſind,
6949 799 8176 906 Dritte Beilage
5467 917 9632 1061 zum Deutſchen Reichsanzeiger und Preußiſchen Staatsanzeiger
5454 1054 9639 1182 Nr. 71. Berlin, Donnerstag, den 25. März 1926
5882 1271 6384 1355 Nichtamtliches.
5696 1385 6543 1442 (Fortſetzung aus der Zweiten Beilage.)
5862 1470 6394 1521 Handel und Gewerbe.
5548 1540 6801 1587 Berlin, 24. März. (W. T. B.) Preisnotierungen
5455 1583 6801 1632 für Nahrungsmittel. (Durchſchnittseinkaufspreiſe
5452 1626 6801 1674 des Lebensmitteleinzelhandels für je 50 kg frei Haus
5457 1671 6803 1721 Berlin gegen Kaſſazahlung bei Empfang der Ware. [Original⸗
5459 1714 6804 1765 packungen.] Notiert durch öffentlich angeſtellte beeidete Sach⸗
5462 1759 6801 1808 verſtändige der Induſtrie⸗ und Handelskammer zu Berlin.) Preiſe
5453 1804 6802 1852 in Reichsmark: Gerſtengraupen, loſe 17,75 bis 22,10 ℳ, Gerſten⸗
5454 1849 6803 1899 rütze loſe 17,75 bis 18,25 ℳ, Haferflocken, loſe 20,50 bis
5457 1893 6794 1939 21,50 ℳ, Hafergrütze loſe 22,75 bis 23,25 ℳ, Roggenmehl 0/1
5458 1936 6800 1981 13,50 bis 14,75 ℳ, Weizengrieß 22,75 bis 23,50 ℳ, Hartgrieß 27,00
5458 1981 6799 2024 bis 27,75 ℳ, 70 % Weizenmehl 18,75 bis 21,25 ℳ, Weizenauszug⸗
5453 2024 6797 2071 mehl 23,25 bis 28,75 ℳ, Speiſeerbſen, Viktoria 18,50 bis 23,00 ℳ,
5455 2068 6801 2113 Speiſeerbſen, kleine 15,00 bis 16,00 ℳ, Bohnen, weiße, Perl 12,75
5451 2113 6797 2157 bis 15,25 ℳ, Langbohnen, handverleſen 17,00 bis 26 25 ℳ, Linſen,
5453 2152 6796 2200 kleine 17,00 bis 20,50 ℳ, Linſen, mittel 29,50 bis 35,00 ℳ, Linſen,
5451 2196 6798 2250 große 35 00 bis 47,00 ℳ, Kartoffelmehl 15,00 bis 18,50 ℳ,
5450 2243 6801 2290 Makkaroni, Hartgrießware 48,00 bis 60,25 ℳ, Mehlſchnittnudeln 29,00
5455 2289 6802 2331 bis 34,50 ℳ, Eiernudeln 46,00 bis 72,50 ℳ, Bruchreis 16,25
5452 2332 6798 2376 bis 16 50 ℳ, Rangoon Reis 18,50 bis 19,00 ℳ, glaſierter Tafel⸗
5451 2376 6797 2420 reis 21,00 bis 33,00 ℳ, Tafelreis, Java 33,00 bis 49,00 ℳ,
5454 2420 6803 2464 Ringäpfel, amerikan. 67,00 bis 86,00 ℳ, getr. Pflaumen 90/100
5450 2462 6797 2509 in Originalkiſten 41,00 bis 42,00 ℳ getr. Pflaumen 90/100 in
5455 2506 6797 2552 Säcken 36 00 bis 36,50 ℳ, entſteinte Pflaumen 90/100 in Original⸗
5453 2551 6803 2597 kiſten und Packungen 57,50 bis 62,00 ℳ, Kal. Pflaumen 40/50
5451 2593 6796 2645 in Originalkiſten 62,00 bis 62,50 ℳ, Roſinen Caraburnu ¼ Kiſten
5449 2638 6795 2685 50 00 bis 68,00 ℳ, Sultaninen Caraburnu 70,00 bis 100,00 ℳ,
5450 2683 6798 2727 Korinthen choice 43,00 bis 51,00 ℳ, Mandeln, ſüße Bari 210,00
5451 2726 6795 2773 bis 235,00 ℳ, Mandeln, bittere Bari 235,00 bis 265,00 ℳ, Zimt
5452 2770 6793 2816 (Kaſſia) 100,00 bis 105,00 ℳ, Kümmel, holl. 35,00 bis 36,00 ℳ,
5453 2814 6795 2862 ſchwarzer Pfeffer Singapore 177,00 bis 210,00 ℳ weißer Pfeffer
5450 2858 6796 2903 Singapore 225,00 bis 250,00 ℳ, Rohkaffee Braſil 195,00
5451 2901 6792 2947 bis 225,00 ℳ, Rohkaffee Zentralamerika 220,00 bis 300,00 ℳ,
5451 2946 6794 2995 Röſtkaffee Braſil 240,00 bis 290,00 ℳ, Röſtkaffee Zentral⸗
5449 2990 6797 3036 amerika 300,00 bis 400,00 ℳ, Röſtgetreide, loſe 15,75 bis 19,00 ℳ,
5450 3034 6799 3080 Kakao, fettarm 52,00 bis 90,00 ℳ Kakao, leicht entölt 90,00
5452 3076 6792 3124 bis 120,00 ℳ Tee, Souchong, gepackt 365,00 bis 405,00 ℳ, Tee,
5450 3124 6799 3167 indiſch, gepackt 413,00 bis 500,00 ℳ, Inlandszucker Melis 29,00
5451 3167 6791 3212 bis 30,75 ℳ, Inlandszucker Raffinade 30,25 bis 33,75 ℳ, Zucker,
5451 3210 6794 3257 Würfel 35,00 bis 36,75 ℳ, Kunſthonig 32,00 bis 33,00 ℳ, Zucker⸗
5450 3255 6792 3300 ſirup, hell in Eimern 26,25 bis 37,50 ℳ, Speiſeſirup, dunkel, in
5451 3299 6799 3342 Eimern —,— bis —,— ℳ, Marmelade, Erdbeer, Einfrucht 88,00
5451 3342 6795 3388 bis 107,00 ℳ, Marmelade, Vierfrucht 35,00 bis 40,00 ℳ, Pflaumen⸗
5449 3386 6793 3430 mus in Eimern 37,50 bis 47,00 ℳ, Steinſalz in Säcken 4,40 bis
5446 3430 6792 3476 4,80 ℳ, Steinſalz in Packungen 5,40 bis 7,50 ℳ, Siedeſalz in
5448 3472 6796 3519 Säcken 6,00 bis 6,50 ℳ Siedeſalz in Packungen 7,10 bis 8,00 ℳ,
5447 3518 6794 3563 Bratenſchmalz in Tierces 84,50 bis 86 00 ℳ, Bratenſchmalz in
5446 3562 6790 3608 Kübeln 85,00 bis 88,00 ℳ, Purelard in Tierces 83,00 bis 86,00 ℳ,
5447 3604 6794 3654 Purelard in Kiſten 83,50 bis 87,00 ℳ, Speiſetalg, gepackt 50,00 bis
5447 3649 6791 3694 80,00 ℳ, Margarine, Handelsware I 69,00 ℳ, II 63,00 bis 66,00 ℳ,
5448 3693 6793 3740 Margarine. Spezialware I 82,00 bis 84,00 ℳ, II 69,00 bis
5447 3737 6791 3781 71,00 ℳ Molkereibutter Ia in Fäſſern 201,00 bis 206,00 ℳ,
5450 3780 6796 3826 Molkereibutter Ia in Packungen 208,00 bis 213,00 ℳ, Molkerei⸗
5449 3823 6795 3869 butter IIa in Fäſſern 190,00 bis 201,00 ℳ, Molkereibutter IIa in
5450 3866 6795 3914 Packungen 197,00 bis 207,00 ℳ, Auslandsbutter in Fäſſern 208,00
5451 3912 6791 3959 bis 215,00 ℳ, Auslandsbutter in Packungen 215,00 bis 222,00 ℳ,
5448 3955 6790 4000 Corneed beef 12⁄6 lbs. per Kiſte 52,00 bis 54,00 ℳ, ausl. Speck,
5442 4000 6795 4048 geräuchert, 8/10 — 12/14 —,— bis —,— ℳ, Allgäuer Romatour
5445 4039 6791 4086 70,00 bis 80,00 ℳ, Allgäuer Stangen 54,00 bis 59,00 ℳ, Tilſiter
5447 4082 6790 4132 Käſe, vollfett 110,00 bis 120,00 ℳ, echter Edamer 40 % 105,00 bis
5444 4127 6794 4172 110,00 ℳ, echter Emmenthaler 175,00 bis 180,00 ℳ, ausl. ungez.
5447 4168 6795 4218 Kondensmilch 48/16 25,00 bis 26,00 ℳ, ausl. gez. Kondensmilch
5444 4212 6662 4260 28,00 bis 30,75 ℳ, Speiſeöl, ausgewogen 67,00 bis 74,00 ℳ.
5541 4345 6791 4391 Speiſefette. Bericht von Gebr. Gauſe, Berlin,
5447 4387 6791 4434 vom 24. März 1926. Butter: Die Nachrichten aus Kopenhagen
5445 4432 6797 4480 lauten nicht mehr ganz ſo feſt wie zu Anfang der Berichts⸗
5446 4475 6791 4522 woche. Die Zufuhren vom Inland ſind reichlich und ge⸗
5445 4521 6790 4569 nügen zur Deckung des Bedarfs. Die Notierung am 23. d. M.
5443 4564 6791 4614 blieb unverändert. Die amtliche Preisfeſtſetzung im Verkehr:
5445 4606 6797 4651 Ia Qualität 183 ℳ IIa Qualität 173 ℳ, abfallende 153 ℳ —
5446 4650 6794 4699 Margarine: Etwas beſſere Nachfrage. — Schmalz: An den
5444 4697 6790 4745 amerikaniſchen Fettwarenmärkten hat die Verkaufsluſt angehalten,
5445 4741 6790 4788 wodurch die Preiſe weiter gedrückt wurden. Das Oſtergeſchäft macht
5444 4783 6796 4832 ſich in einer etwas lebhafteren Nachfrage bemerkbar. Auch die
5445 4827 6789 4877 niedrigeren Preiſe laſſen eine weitere Belebung des Geſchäfts er⸗
5444 4868 6511 4918 warten — Speck: Ohne Nachfrage und unverändert.
5546 5047 6682 5093 Berichte von auswärtigen Deviſen⸗ und
5842 5100 6392 5143 Wertpapiermärkten.
6007 5164 6228 5209 Deviſen.
5534 5212 6796 5263 Danzig, 24. März. (W. T. B.) Deviſenkurſe. (Alles in
5443 5262 6784 5311 Danziger Gulden.) Noten: 100 Zloty Auszahlung Warſchau 64,67 G.
5438 5306 6795 5353 64,83 B., 100 Zloty Lokonoten 64,95 G., 65,08 B., Berlin
5443 5349 6788 5391 100 Reichsmarknoten 123,396 G. 123,704 B. — Schecks: London
5438 5393 6793 5438 25,20 ⅓ G., —,— B. — Auszahlungen: Berlin telegraphiſche Aus⸗
5440 5437 6673 5482 zahlung 123,196 G. 123,504 B., London 25,21 ½ G., —,— B.
5522 5479 6791 5526 Wien, 24. März. (W T. B.) Notierungen der Deviſen⸗
5440 5523 6787 5570 zentrale: Amſterdam 283,72, Berlin 168,53, Budapeſt 99,15
5437 5568 6785 5616 Kopenhagen 186,05, London 34,42 ¼, New York 7,07 ¾, Paris 24,63,
5432 5612 6797 5663 Zurich 136,21 Marknoten 168,38, Lirenoten 28,42, Jugoſlawifche
5439 5655 6793 5703 Noten 12,42, Tſchecho⸗Slowakiſche Noten —,—, Polniſche Noten
5439 5698 6794 5753 87,65, Dollarnoten 707,15, Ungariſche Noten 99,08 Schwediſche
5437 5744 5688 5788 Noten —,—
5532 5789 6790 5835 Prag, 24. März. (W. T. B.) Notierungen der Deviſen⸗
5439 5833 6790 5879 zentrale (Durchſchnittskurſe): Amſterdam 13,57 ¾, Berlin 8,05,87 ½,
5438 5875 6785 5923 Zürich 6,51 ½, Oslo 724,00, Kopenhagen 886,00, London 164,62 ½
5434 5919 6789 5971 Madrid 477,50, Mailand 136,70 New York 33,85 Paris 118,25
5437 5963 6718 6012 Stockholm 9,07 Wien 4,78 ¾ Marknoten 8,07, Poln. Noten 4,20.
5523 6008 6799 6055 London 24. März. (W. T. B.) Deviſenkurſe. Paris
5435 6050 6787 6098 139,40 New York 4,86,25, Deutſchland 20,42, Belgien 121,37,
5437 6095 6781 6149 Spanien 34,51 ½ Holland 12,13,12 Italien 120,87 Schweiz 25,25 ¾
5435 6139 5667 6185 Wien 34,50
5528 6179 6794 6233 Paris, 24. März. (W. T. B.) Deviſenkurſe. Deutſchland
5432 6226 6790 6278 6,85 Bukareſt 11,90 Prag 84,40, Wien 4,06 Amerika 28,67
5431 6269 6789 6320 Belgien 114,80, England 139,48, Holland 1148,00, Italien 115,00,
5436 6313 6796 6366 Schweiz 553,50 Spanien —,—, Warſchau 362,00, Kopenhagen
5433 6359 6237 6404 —,— Oslo 615,00 Stockholm 771,00.
5524 6405 6790 6450 Amſterdam 24. März. (W. T. B.) Deviſenkurſe. (Offizielle
5435 6444 6789 6494 Notierungen.) London 12,13 ⅜, Berlin 0,59,40 ½ fl. für 1 RM,
5436 6489 6794 6539 Paris 8,70 ½ Brüſſel 10,02, Schweiz 48,05, Wien 0,35,20 für
5436 6533 6794 6585 1 Schilling, Kopenhagen 65,50, Stockholm 66,90, Oslo 53,50. —
5435 6576 6787 6626 (Inoffizielle Notierungen.) New York 249,50, Madrid 35,20, Italien
5436 6621 6791 6672 10,03 Prag 7,39 ½, Helſingfors 6,28, Budapeſt 0,00,34 ⅞ Bukareft
5432 6664 5976 6715 1,07 ½, Warſchau ca. 0,31 ½.
5523 6713 6791 6760 Zürich 24. März. (W. T. B.) Deviſenkurſe. New York
5426 6748 6782 6813 5,19 ½, London 25,26, Paris 18,07, Brüſſel 20,80, Mailand 20,89,
6870 1259 8214 1306 Madrid 73,20, Holland 208,10, Stockholm 139,35, Oslo 111,00
6869 1304 8215 1350 Kopenhagen 136,25, Prag 15,38 ½, Berlin 1,23,70, Wien 73,17,
6871 1348 8216 1394 Budapeſt 0,00,72,80, Belgrad 9,14 ½, Sofia 3,75, Bukareſt 2,17 ½,
6870 1392 8210 1438 Warſchau 65,50, Helſingfors 13,10 Konſtantinopel 2,67, Athen 7,00
6872 1438 7294 1482 Buenos Aires 202,25.
6949 1481 8216 1526 Kopenhagen, 24. März. (W. T. B.) Deviſenkurſe. London
6872 1524 8218 1572 18,53. New York 3,82, Berlin 90,85, Paris 13,50, Antwerpen
6872 1568 8224 1617 15,50, Zürich 73,60 Rom 15,55, Amſterdam 153,22, Stockholm
6875 1613 8220 1660 102,35 Oslo 81,70 Helſingfors 9,62 Prag 11,32 Wien 0,53,90.
6959 1658 8221 1702 Stockholm, 24. März. (W. T. B.) Deviſenkurſe. London
6875 1700 8218 1748 18,13, Berlin 0,88,85, Paris 13,15, Brüſſel 15,15, Schweiz. Plätze
6868 1745 8216 1791 71,90 Amſterdam 149,55, Kopenhagen 97,90, Oslo 79,55, Waſhington
6866 1789 8168 1836 3,73 ¼. Helſingfors 9,42, Rom 15,05, Prag 11,15 Wien 0,52,85.
6958 1834 8209 1880 Oslo, 24. März. (W. T. B.) Deviſenkurſe. London —,—,
6870 1876 8204 1926 Hamburg 111,50, Paris 16,50 New York 468,00, Amſterdam 187,75
6865 1922 8206 1969 Zürich 89,02, Helſingfors 11 80, Antwerpen —,—, Stockholm 125,75
6868 1964 8081 2016 Kopenhagen 123,00, Rom 18,90 Prag 13 90 Wien 0,65,50.
6957 2075 8213 2123 London, 24. März. (W. T. B.) Silber 30 5⁄16 Silber auf
6866 2121 7163 2167 Lieferung 30 3⁄8.
7359 2165 7713 2209 Wertpapiere.
6957 2217 8213 2264 Frankfurt a. M., 24. März. (W. T. B.) Oeſterreichiſche
6867 2262 8209 2308 Kreditanſtalt 6,80, Adlerwerke 50,00, Aſchaffenburger Zellſtoff 83,00,
6869 2307 8211 2353 Lothringer Zement —,—, D. Gold⸗ u. Silber⸗Scheideanſt. 108,00,
6867 2351 8216 2398 Frankf. Maſchinen (Pokorny u. Wittekind) 44,00, Hilpert Maſchinen
6868 2395 8211 2441 29,00, Phil. Holzmann 73,50, Holzverkohlungs⸗Induſtrie 75,50, Wayß
6865 2440 7936 2485 u. Freytag 95,00, Zuckerſabrik Bad Waghäuſel 58 ⅝.
6954 2482 8212 2530 Hamburg, 24. März. (W. T. B.) (Schlußkurſe.) Braſil⸗
6866 2527 8208 2574 bank —,—, Commerz⸗ u. Privatbank 111,25, Vereinsbank 89,12,
6868 2571 8206 2615 Lübeck⸗Büchen 124,00, Schankungbahn 3,70, Deutſch⸗Auſtral. 121,25,
6863 2615 8210 2662 Hambg.⸗Amerika⸗Packetf. 144,75, Hamburg⸗Südamerika 111,50, Nordd.
6862 2659 8208 2703 Lloyd 148,50, Verein. Elbſchiffahrt 40,25, Calmon Aſbeſt 43,00,
6860 2702 8208 2750 Harburg⸗Wiener Gummi 66,00, Ottenſen Eiſen 25,00, Alſen Zement
6866 2748 8211 2796 165,25, Anglo Guano 90 B, Merck Guano 71,25, Dynamit Nobel
8293 1259 9642 1308 82,10 Holſtenbrauerei 137 B. Neu Guinea 560,00, Otavi Minen
8291 1302 9643 1352 25,25. — Freiverkehr. Sloman Salpeter 90,00 RM. für
8294 1350 8494 1390 das Stück.
8373 1392 9649 1440 Wien, 24. März. (W. T. B.) (In Tauſenden.) Völker⸗
8288 1436 9644 1483 bundanleihe 74,3. Mairente 3,95. Februarrente 5,5. Oeſterreichiſche
8294 1482 9643 1525 Goldrente 65,5, Oeſterreichiſche Kronenrente 3,85, Ungariſche Gold⸗
8291 1526 9642 1572 rente —,—, Ungariſche Kronenrente —,—, Wiener Bankverein 103,5,
8290 1568 9643 1618 Bodenkreditanſtalt 160,0, Oeſterreichiſche Kreditanſtalt 115,5,
8292 1613 9644 1663 Anglobank 129,0, Eskomptebank 276,0 Länderbank, junge 140,0,
8291 1659 9651 1706 Nationalbank 1820,0 Unionbank Wr. 105,0, Türkiſche Loſe —,—,
8293 1702 9648 1752 Ferdinand⸗Nordbahn 67,85, Oeſterreichiſche Staatsbahn 380,0 Süd⸗
8290 1748 9653 1795 bahn 76,0, Poldihütte 1018,0, Prager Eiſen⸗Induſtrie —,—,
8289 1790 9642 1837 Alpine Montangeſ. 250,5, Siemens⸗Schuckertwerke 89,0, Allgem.
8291 1835 9641 1882 Ungar. Kreditbank 258,9, Rimamurany 91,5, Oeſterreichiſche Waffen⸗
8290 1880 9643 1927 fabrik⸗Geſ. 49,8, Brüxer Kohlenbergbau —,—, Salgo⸗Tergauer
8287 1921 9638 1969 Steinkohlen 410,0, Skodawerke —,—, Steir. Magneſit 24,0,
8288 1965 9643 2018 Daimler Motoren 3,95 Levkam⸗Joſefsthal A.⸗G. 138,0 Galicia
8287 2013 8587 2057 Naphtba 867,0.
8372 2055 9639 2102 Amſterdam, 24. März (W T. B.) 6 % Niederländliſche
8285 2100 9644 2148 Staatsanleihe 1922 A u. B 106 8⁄16, 4 ½ % Niederländiſche Staats⸗
8284 2145 9638 2191 anleihe von 1917 zu 1000 fl. —,—, 3 % Niederländiſche Staats⸗
8284 2188 9641 2234 anleihe von 1896/1905 74,25, 7 % Niederl.⸗Ind. Staatsanleihe zu
8289 2230 9641 2280 1000 fl. 101 ⅞ 7 % Deutſche Reichsanleihe 103,00, Reichsbank neue
8288 2276 9639 2323 Aktien 156,50, Nederl. Handel Maatſchappij⸗Akt. 146,00 Jurgens
8288 2319 9637 2367 Margarine 165,50 Philips Glueilamven —,—, Geconſol. Holl.
8285 2361 9637 2412 Petroleum 188,00, Koninkl. Nederl. Petroleum 396 00 Amſterdam
8285 2409 9638 2455 Rubber 353,00, Holland⸗Amerika⸗Dampfſch. 45,00 Nederl. Scheey⸗
8286 2453 9636 2504 vart Unie 167,00, Cultuur Mpiſ. der Vorſtenl. 165,00, Handels⸗
8287 2495 9635 2544 vereeniging Amſterdam 638,50, Deli Maatſchappij 376,50, Senembah
8287 2544 8694 2589 Maatſchappij 478,00.
8375 2652 9641 2700 Bradford, 22. März. (W. T. B.) Der Wollmarkt
8287 2697 9635 2748 tendierte feſt. Beſonders gilt dies für feine Sorten, in denen das
8288 2745 8832 2792 Geſchäft auch lebhafter war.
7880 2935 8606 2982 Statiſtik und Volkswirtſchaft.
6908 2994 9595 3050 Getreidepreiſe an deutſchen Börſen und Fruchtmärkten in der Woche vom 15. bis 20. März 1926.
7913 3066 8592 3112 In Reichemark für 50 kg.
6965 3269 7103 3315 Städte
7526 3268 7900 3315 Handelsbedingungen
8264 3184 8552 3227 Wöchentliche *)
8294 3230 8523 3270 Notierungen
8244 3274 8549 3319 für Brotgetreide
8608 3255 8747 3302 Roggen
8811 3241 8975 3315 Weizen
9150 3184 9271 3233 Gerſte
9458 3153 9619 3407 Hafer
9011 3260 9198 3330 Sommer⸗
9014 3338 9186 3388 Brau⸗ †
9243 3279 9396 3330 Winter⸗
9233 3334 9405 3388 Futter⸗ †
8244 3338 8358 3411 Zahl
8431 3359 8507 3399 am
7007 3425 7050 3477 1
7691 3432 7731 3474 2
8279 3432 8323 3471 3
8450 3434 8492 3474 4
8657 3426 8699 3472 5
8869 3428 8909 3466 6
9081 3427 9122 3468 7
9298 3425 9337 3467 8
9512 3422 9560 3466 9
6865 3501 7005 3555 Aachen
7238 3512 7460 3553 frei Aachen
8279 3509 8319 3552 1
8428 3509 8500 3551 18.
8634 3505 8732 3550 8,54
8827 3502 8945 3550 13,56
9087 3517 9152 3541 —
9302 3514 9368 3543 —
9496 3499 9596 3547 9,19
6867 3558 7051 3603 Bamberg
7234 3554 7999 3599 Großhandelseinkfspr. ab fränk. Station
8287 3554 8314 3596 1
8399 3552 8548 3600 16.
8642 3545 8727 3593 7,88
8839 3551 8982 3598 10,75 ¹)
9067 3545 9192 3595 8,50 †
9301 3562 9368 3585 —
9502 3547 9593 3587 8,50
6866 3600 6987 3639 Berlin
7230 3597 7972 3645 ab märk Stat. (Gerſte: ab Station)
8283 3598 8320 3641 6
8643 3593 8732 3639 7,86
8836 3597 8951 3638 12,72
9069 3596 9160 3638 8,90
9281 3591 9391 3635 7,25
9505 3590 9593 3634 8,37
6866 3639 7128 3691 Braunſchweig
7225 3641 7460 3689 ab Station
8284 3642 8319 3686 1
8406 3637 8536 3684 17.
8640 3640 8738 3686 8,10
8839 3641 8941 3684 12,20
9066 3638 9161 3683 9,75
9288 3636 9370 3684 8,60
9502 3636 9601 3677 9,20
6866 3690 7026 3737 Bremen
7230 3684 7886 3731 ab Bremen oder Unterweſerhafen
8286 3685 8319 3731 6
8637 3683 8736 3730 9,47
8851 3692 8911 3717 —
9087 3694 9150 3718 —
9305 3690 9363 3718 —
9482 3677 9597 3720 10 38
7234 3728 7769 3774 Nordamerika cif Bremen ²)
8390 3728 8553 3772 15. — 20.
8619 3735 8743 3774 —
8824 3719 8982 3778 14,68 ³)
9170 3726 9299 3772 7,68 ⁴)
9505 3722 9636 3774 8,59 ⁵)
7231 3775 7687 3820 Rußland cif Bremen ²)
8384 3772 8551 3820 15. — 20.
8656 3783 8725 3806 —
8851 3785 8907 3806 —
9173 3771 9257 3814 7,69
9448 3775 9599 3806 —
6862 3818 7022 3863 Breslau
7232 3818 8110 3864 ab ſchleſ. Verladeſtation in Waggonladungen
8272 3818 8327 3861 6
8641 3809 8734 3860 7,63
8804 3809 8968 3861 12,13
9066 3815 9180 3858 7,83 †
9286 3810 9377 3859 7,25
9506 3812 9598 3855 7,73
6864 3863 6975 3907 Caſſel
7229 3860 7726 3908 Frachtlage C. ohne Sack
8282 3861 8317 3905 1
8429 3857 8501 3903 17.
8633 3856 8735 3903 8,38
8815 3862 8978 3902 13,25
9053 3861 9152 3902 11,00
9283 3859 9377 3902 9,50
9488 3857 9596 3900 10,25
6863 3906 7044 3951 Chemnitz
7231 3904 8022 3951 fr. Th. in Ladungen von 200 — 300 Ztr.
8281 3907 8320 3948 1
8437 3905 8496 3945 17.
8643 3905 8723 3946 8,08
8827 3904 8946 3948 12,75
9070 3901 9166 3953 9,75
9241 3906 9409 3935 —
9507 3903 9595 3943 9 00
6865 3949 7012 3991 Crefeld
7228 3949 7696 3992 ab niederrhein. Station
8282 3948 8319 3994 1
8425 3947 8513 3995 17.
8613 3948 8763 3994 8,31
8836 3949 8939 3991 13,31
9091 3960 9152 3996 —
9313 3963 9360 3975 —
9509 3945 9593 3986 8,88
6865 3994 7072 4038 Dortmund
7231 3987 8200 4038 Großhandelsverkaufspr. waggonfr. Dortmund in
7284 4037 7742 4080 Wagenlad. v. 10 — 15 t
8280 4036 8323 4080 1
8431 4032 8501 4077 18.
8642 4036 8723 4076 8,69
8840 4035 8937 4076 13,75
9091 4040 9147 4070 —
9300 4039 9370 4074 —
9486 4032 9638 4076 10,75 ⁶)
6862 4078 7028 4120 Dresden
7231 4078 8202 4124 waggonfr. fächſ. Verſandſt. b. Bez. von mind. 10 t
8283 4082 8318 4123 2
8399 4076 8545 4121 15. 19.
8632 4076 8732 4119 7,90
8839 4080 8936 4119 12,65
9070 4076 9159 4125 9,50
9300 4083 9369 4115 —
9502 4076 9638 4119 8,63 ⁷)
6862 4123 7042 4171 Duisburg
7225 4123 7678 4165 frei Waggon Duisburg
8282 4123 8321 4167 1
8437 4124 8494 4166 15.
8637 4123 8722 4165 8,63
8840 4122 8937 4160 13,75
9087 4132 9148 4161 —
9293 4122 9378 4171 —
9505 4121 9644 4169 9,38 ⁸)
6861 4163 6991 4210 Erfurt
7229 4167 8204 4212 waggonfr. Erfurt od. Nachbarvollbahnſtat. o. Sack
8279 4168 8318 4207 1
8439 4165 8508 4208 18.
8637 4168 8727 4209 8,65
8841 4168 8936 4203 12,25
9163 4166 9268 4206 10,50
9506 4168 9597 4212 9,75
6857 4209 6974 4252 Eſſen
7234 4214 7990 4257 waggonfrei Eſſen bei Waggonladungen
8284 4211 8318 4253 1
8437 4212 8499 4253 16.
8643 4207 8732 4251 8,50
8825 4206 8948 4252 13,63
9073 4203 9172 4247 —
9296 4202 9400 4246 —
9521 4217 9603 4251 —
6863 4251 7183 4302 Frankfurt a. M.
7236 4255 7912 4300 Frachtlage Frankf. a. M. o. Sack
8280 4256 8321 4302 5
8641 4255 8728 4296 8,81
8831 4253 8946 4298 13,35
9049 4247 9188 4297 10,90 †
9311 4263 9370 4290 —
9485 4254 9601 4297 10,19
6863 4297 6956 4341 Gera
7232 4298 8057 4347 bei Waggonbez. ab oſtthür. Verladeſtation
8288 4302 8318 4341 1
8439 4298 8500 4340 19.
8636 4299 8729 4340 8,38
8836 4299 8949 4339 12,50
9063 4298 9178 4342 9,50 †
9303 4305 9373 4333 —
9503 4299 9598 4340 9,50
6859 4340 7025 4388 Gleiwitz
7226 4344 7638 4389 ab Gleiwitz o. Sack
8287 4344 8319 4386 1
8438 4342 8510 4386 16.
8624 4340 8738 4384 7,80
8820 4343 8975 4387 12,25
9063 4343 9178 4387 8,50 †
9283 4337 9396 4386 7,00 †
9502 4340 9603 4384 8,00
6862 4387 7037 4434 Hamburg
7230 4386 7968 4434 ab inl. Station einſchl. Vorpommern
8269 4390 8332 4439 6
8640 4385 8739 4432 8,08
8836 4384 8953 4430 12,71
9070 4384 9173 4432 8,52
9290 4384 9385 4429 7,78
9509 4384 9601 4429 8,55
6927 4443 6990 4487 „
7232 4433 7778 4478 Nordamerika cif. Hamburg ²)
8394 4428 8557 4472 15. — 20.
8598 4435 8758 4467 —
8823 4430 8988 4475 13,93 ⁸)
9064 4446 9177 4470 —
9305 4440 9375 4464 —
9529 4442 9593 4468 —
6937 4491 6989 4520 „
7232 4474 7775 4522 Südamerika cif Hamburg ²)
8394 4478 8558 4515 15. — 20.
8658 4484 8725 4513 —
8825 4474 8990 4520 11,04 ⁹)
9090 4484 9158 4510 —
9307 4482 9371 4513 —
9527 4487 9590 4509 —
6861 4515 7063 4564 Hannover
7233 4520 7734 4566 ab hannoverſcher Station
8284 4516 8318 4562 1
8438 4516 8507 4562 16.
8618 4517 8774 4563 8,40
8825 4521 8955 4561 12,75
9090 4528 9159 4558 —
9299 4519 9383 4561 —
9506 4518 9599 4564 9,25
6861 4561 7063 4606 Karlsruhe
7232 4561 7874 4609 Frachtlage Karlsruhe ohne Sack
8286 4561 8321 4607 1
8441 4564 8503 4604 17.
8641 4565 8731 4604 8,88
8831 4561 8946 4604 13,38
9059 4564 9158 4606 10,50
9297 4566 9384 4603 —
9511 4562 9600 4608 9,25
6858 4604 6940 4650 Kiel
7233 4604 8153 4655 ab holſt. Station b. waggonw. Bezug o. Sack
8282 4609 8328 4652 1
8434 4607 8501 4647 20.
8639 4606 8735 4650 8,40
8828 4605 8953 4651 12 90
9079 4611 9157 4650 9,00
9311 4621 9378 4646 —
9505 4610 9601 4650 8,85
6861 4651 6955 4692 Köln
7231 4650 7542 4697 Frachtlage Köln
8293 4654 8317 4695 2
8406 4649 8549 4696 17. 19.
8639 4653 8733 4693 8,58
8839 4652 8942 4694 13 60
9078 4654 9156 4693 9,44
9285 4654 9385 4705 8,38
9504 4653 9602 4697 8,56
6861 4694 7187 4743 Königsberg i. Pr.
7232 4693 7598 4743 loko K. ohne Sack
8289 4698 8321 4738 6
8642 4693 8735 4736 7,62
8843 4698 8939 4735 12,35
9507 4696 9604 4742 8,05
6860 4738 6985 4785 Leipzig
7228 4740 7876 4786 prompt Parität frachtfrei Leipzig
8291 4743 8314 4778 2
8403 4737 8548 4782 16. 20.
8642 4741 8726 4781 8,00
8841 4741 8941 4780 12,30
9055 4738 9159 4784 10,00
9285 4741 9383 4789 8,85
9503 4743 9604 4787 8,95
6858 4782 7086 4830 Magdeburg
7230 4785 8099 4833 b. Ladungen v. 300 Ztr. i. Bez. Magdeburg
8282 4782 8317 4826 2
8398 4781 8546 4826 16. 19.
8638 4782 8730 4824 8,08
8840 4784 8937 4820 12 46
9057 4782 9162 4827 9,38
9308 4797 9367 4821 —
9500 4784 9603 4827 9,53
6862 4825 6989 4870 Mainz
7229 4827 7881 4872 Großhandelseinſtandspr. loko M.
8284 4827 8314 4869 1
8431 4825 8562 4869 19.
8642 4827 8722 4867 8,75
8839 4827 8936 4864 13,25
9045 4827 9180 4872 10,75 †
9285 4829 9396 4876 8,00 †
9487 4831 9601 4873 10,00
6858 4870 7078 4916 Mannheim
7229 4870 7821 4919 waggonfr. Mannheim o. Sack
8282 4873 8319 4912 2
8401 4871 8540 4910 15. 18.
8642 4871 8722 4910 9,06
8831 4870 8982 4913 13,59
9048 4875 9182 4924 11,50 †
9289 4874 9400 4922 8,38 †
9507 4874 9596 4917 9,31
6860 4915 7042 4959 München
7226 4913 8146 4960 ab ſüdbayer. Verladeſtat. waggonweiſe o. Sack
8280 4914 8319 4957 2
8399 4912 8547 4960 17. 20.
8634 4912 8737 4958 7,90
8834 4913 8999 4958 12,06 ¹⁰)
9187 4919 9274 4961 7,94
9506 4918 9598 4959 8,45
6865 4959 7046 5006 Nürnberg
7228 4958 7618 4999 ab Station o. Sack
8296 4962 8311 4998 1
8437 4957 8512 5001 18.
8616 4958 8770 5000 7,70
8836 4959 8997 5005 11,60 ¹¹)
9185 4964 9277 5006 8,25
9507 4961 9589 5007 8,38
6861 5002 6998 5047 Plauen
7231 5003 8087 5050 Großhandelspreis ab vogtländiſcher Station
8285 5002 8321 5045 1
8433 5003 8505 5049 20.
8645 5002 8725 5044 7,25
8839 5001 8939 5048 10,75
9076 5002 9183 5050 8,00 †
9286 5003 9405 5054 7,00 †
9504 5008 9606 5049 8,00
6856 5047 7003 5092 Stettin
7230 5048 7836 5092 waggonfrei Stettin ohne Sack
8287 5047 8321 5089 6
8644 5049 8726 5089 8,20
8839 5047 8950 5089 13,00
9074 5051 9163 5091 8,60
9288 5051 9384 5096 7,80
9506 5053 9599 5097 8,50
6862 5093 7052 5138 Stuttgart
7229 5090 8153 5138 Großhandelspreis waggw. ab württbg. Station
8277 5089 8329 5136 2
8409 5089 8545 5133 15. 18
8626 5089 8742 5134 8,75
8819 5094 8973 5133 12,06
9076 5091 9167 5137 9,25
9241 5094 9409 5127 —
9509 5097 9599 5137 8,50
6856 5134 7008 5180 Worms
7231 5134 7555 5181 bahnfrei Worms
8284 5138 8323 5178 1
8435 5132 8501 5175 19.
8620 5135 8774 5179 9,00
8824 5138 8975 5181 13,31
9057 5140 9181 5181 10,63 †
9289 5136 9403 5185 7,50 †
9506 5139 9600 5185 9,13
6854 5180 7063 5229 Würzburg
7229 5175 8205 5229 Großhandelseinkaufspreis waggw. ab fränk. Station
8282 5179 8321 5221 2
8407 5174 8544 5223 16. 20.
8623 5178 8776 5226 8,19
8835 5181 8948 5229 12,30
9045 5185 9201 5230 8,53 †
9282 5186 9399 5231 7,13 †
9509 5183 9603 5227 8,56
7039 5238 9651 5282 Anmerkungen: *) Wo mehrere Angaben vorlagen, ſind aus dieſen Durchſchnitte gebildet worden. — ¹) Gelber: brauner 11,88.
6856 5278 9647 5331 — ²) Unverzollt — ³) Manitoba I. — ⁴) Malzgerſte. — ⁵) White clipped. — ⁶) Pommerſcher Weißhafer. — ⁷) Preußiſcher 9,10.
6864 5321 9112 5371 — ⁸) Pommerſcher und ſchleſiſcher 10 50. — ⁹) Roſaſé. — ¹⁰) Ia; IIa = 11,46. — ¹¹) Gelber; brauner 11,93.
7060 5378 9428 5429 Berlin, den 25. März 1926. Statiſtiſches Reichsamt. Wagemann.
7169 5526 9364 5585 Kartoffelpreiſe in deutſchen Städten in der Woche vom 15. bis 20. März 1926.
7082 5694 7230 5755 Städte
7690 5699 8084 5745 Handelsbedingungen
8427 5641 8684 5688 Wöchentliche
8430 5689 8753 5736 Notierungen ¹) ²)
9019 5650 9438 5696 Preiſe in Reichsmark
9123 5696 9322 5741 für 50 kg
8355 5745 8463 5819 Zahl
8611 5770 8688 5813 am
8897 5770 9006 5815 weiße
9175 5775 9269 5816 rote
9379 5758 9572 5824 gelbe
7142 5832 7188 5881 1
7870 5842 7911 5880 2
8381 5840 8421 5885 3
8610 5843 8689 5886 4
8918 5846 8956 5886 5
9200 5842 9244 5887 6
9497 5848 9537 5885 7
6862 5915 7044 5985 Bamberg
7499 5939 8283 5986 Großhandelseinkaufspr. ab fränk. Station
8377 5937 8420 5985 1
8626 5941 8695 5986 16.
9175 5948 9277 5995 2,13
6853 5982 6993 6028 Berlin
7503 5985 8270 6030 Erzeugerpreis waggonfrei märk. Station
8377 5986 8425 6030 3
8541 5987 8767 6036 15. 17. 19.
8909 5991 8990 6038 1,29
9179 5993 9272 6044 1,51
9474 5997 9556 6041 1,66
6863 6029 7026 6073 Breslau
7500 6029 8272 6073 Erzeugerpreis ab ſchleſ. Verladeſtation
8383 6031 8424 6074 2
8574 6032 8747 6078 15. 18.
9042 6038 9130 6085 1,10
9487 6048 9542 6076 —
6861 6073 6961 6116 Eſſen
7501 6074 8276 6121 waggonfrei Eſſen bei Waggonladungen
8377 6075 8424 6123 1
8628 6075 8694 6124 16.
8907 6086 8975 6118 —
9186 6089 9258 6123 —
9455 6080 9579 6131 2,50
6862 6116 7183 6165 Frankfurt a. M.
7503 6118 8267 6165 Großhandelspr. Frachtlage Frankf. a. M.
7545 6164 7891 6208 bei Waggonbezug
8375 6158 8426 6213 1
8634 6166 8694 6205 15.
8904 6171 8992 6210 2,10
9186 6178 9255 6209 —
9411 6153 9625 6218 2,65 ³)
6859 6202 7045 6250 Hamburg
7498 6204 7882 6252 ab Vollbahnſtation
8566 6205 8745 6254 15. — 20.
8900 6213 8988 6258 1,65
9184 6222 9255 6249 —
9469 6215 9608 6263 1,95 ⁵)
6853 6251 7057 6295 Karlsruhe
7495 6252 7916 6297 Frachtlage Karlsruhe
8386 6254 8419 6298 1
8625 6255 8690 6299 17.
8901 6256 8982 6299 2,25
9177 6255 9269 6303 2,13
9471 6258 9564 6303 2,88
6859 6295 6978 6339 Kiel ⁴)
7501 6296 7722 6342 ab Holſtein
8377 6298 8428 6341 1
8613 6297 8702 6339 20.
8884 6301 9037 6345 1,60 ⁵)
9187 6315 9249 6342 —
9476 6304 9609 6349 1,80 ⁵)
6861 6338 7084 6386 Magdeburg
7499 6339 7893 6386 frei Vollbahnſtation
8388 6342 8416 6382 1
8623 6341 8694 6385 20.
9041 6347 9128 6388 1,50
9471 6350 9567 6393 1,80
6860 6384 7041 6430 Nürnberg
7498 6384 7751 6427 Börſenpreis
8382 6386 8416 6428 1
8632 6389 8692 6430 18.
8902 6387 8988 6434 1,50
9114 6393 9325 6429 —
9471 6392 9563 6436 1,70
6860 6428 7003 6473 Plauen
7499 6429 8216 6474 Großhandelspreis ab vogtl. Station
8388 6431 8416 6471 1
8627 6430 8692 6472 20.
9032 6432 9129 6480 2,00
9467 6435 9562 6477 2,50
6861 6472 7007 6515 Stettin
7493 6474 8111 6518 frei Waggon Reichsbahnſtation
8384 6473 8419 6516 2
8570 6471 8749 6519 16 19.
8904 6477 8994 6522 1,15
9180 6479 9274 6525 1,25
9467 6473 9606 6527 1,35 ⁵)
6854 6517 7004 6556 Worms
7492 6518 7823 6563 bahnfrei Worms
8383 6515 8418 6558 1
8629 6521 8692 6561 19.
8880 6522 9039 6564 —
9187 6533 9253 6564 —
9471 6524 9553 6564 2,25
6853 6559 7059 6609 Würzburg
7497 6560 8133 6611 Erzeugerpreis frei Bahnſtation
8383 6558 8423 6606 2
8572 6560 8743 6611 16. 20.
9036 6566 9124 6613 1,58
9472 6568 9553 6607 1,90
7055 6617 9646 6672 ¹) In Frankfurt a. M. und Hamburg keine Börſennotierungen, ſondern Feſtſtellungen der Handelskammern. — ²) Wo mehrere
6857 6661 9661 6714 Angaben vorlagen, ſind aus dieſen Durchſchnitte gebildet worden. — ³) Induſtrie. — ⁴) Buntköpfige 3,00. — ⁵) Magnum bonum. —
6852 6704 7485 6753 ⁶) Gelbfleiſchige Induſtrie 1,45.
7057 6758 9362 6814 Berlin, den 25. März 1926. Statiſtiſches Reichsamt. Wagemann.
