9896 7064
2145 469 3659 518 Reichs⸗ und Staatsanzeiger Nr. 113 vom 16. Mai 1930. S. 4.
820 616 2152 678 zeigen, was auch die deutſche Ausfuhr und was insbeſondere die
819 667 2153 721 Kaufkraft der Lohn⸗ und Gehaltsempfänger für die deutſche
820 710 2154 768 Volkswirtſchaft bedeuten. Von den 46 Milliarden Löhnen
823 754 2153 812 und Gehältern entfallen auf Beamte und Penſionäre 9,6 Mil⸗
823 798 2155 857 liarden, auf die höheren Angeſtellten in der Privatwirtſchaft,
821 844 2154 900 die nicht der Sozialverſicherung unterſtellt ſind, 3 bis
822 883 2154 939 4 Milliarden und auf die ſozialverſicherungspflichtigen
823 931 2155 986 Arbeiter und Angeſtellten 33 bis 34 Milliarden Mark.
826 975 2157 1032 Von letzterem Betrag werden gegenwärtig gut 15 vH, das ſind
825 1020 2158 1078 mehr als 5 Milliarden Mark, Arbeitgeber⸗ und Arbeitnehmer⸗
826 1060 2158 1120 anteile für die Sozialverſicherung aufgewendet. Den Reſt hat
827 1110 2162 1164 das Reich für die Invaliden⸗ und Arbeitsloſenverſicherung zu⸗
822 1153 2156 1207 geſchoſſen. Dieſe mehr als 5 Milliarden Mark ſind als Lohnbeſtand⸗
824 1199 2157 1249 teil anzuſehen. Für etwaige Mehraufwendungen zugunſten der
826 1241 2159 1294 Sozialverſicherung gibt es zwei Wege. Zunächſt eine allgemeine
824 1286 2158 1336 Steuererhöhung. Steuererhöhungen für Vermögen und hohe Ein⸗
824 1332 2158 1380 kommen — von Steuerſenkungen ſehe ich in dieſem Zuſammen⸗
823 1375 2159 1426 hang ab — kann gegenwärtig keine Regierung vorſchlagen, ganz
823 1417 2163 1468 gleich, wie ſie zuſammengeſetzt ſein mag. Sie würde bei der Ge⸗
823 1459 2156 1513 ſamtlage, die in Europa durch den Krieg geſchaffen worden iſt,
823 1503 2155 1556 in Deutſchland zu weiterer Kapitalflucht und damit zur Ver⸗
819 1549 2154 1602 größerung der Arbeitsloſigkeit führen. Maſſenverbrauchsſteuern
821 1590 2153 1645 ſind in abſehbarer Zeit auch nicht zu erhöhen. Reich, Preußen
826 1634 2157 1687 und viele Gemeinden haben in den letzten Monaten Volk und
827 1679 2154 1731 Wirtſchaft mit rund einer Milliarde Mark neu belaſtet. Und bis
824 1721 2153 1775 Arbeitsloſenverſicherung, Reichsbahn und Gemeinden ſaniert ſein
823 1767 2153 1819 werden, werden noch einige Hundert Millionen Mark benötigt.
821 1807 2152 1865 In ſolcher Lage ſind weitere Steuererhöhungen für Bedürfniſſe
821 1853 2152 1908 der Sozialverſicherungen eine Unmöglichkeit. Der zweite Weg iſt
819 1899 2151 1947 die Erhöhung der Beiträge zur Sozialverſicherung. Auch dagegen
821 1939 2151 1994 habe ich ſtarke Bedenken. 15 vH Lohnvorenthaltung allein für die
821 1984 2151 2039 Sozialverſicherung, ohne direkte und indirekte Steuern, ſind für
821 2028 2150 2081 die Lohn⸗ und Gehaltsempfänger meines Erachtens eine Grenze,
818 2073 2148 2125 die nicht mehr weit überſchritten werden kann. Um eine vorüber⸗
819 2118 2149 2170 gehende Beitragserhöhung für die Arbeitsloſenverſicherung dürfte
817 2160 2148 2215 im Jahre 1930 im Hinblick auf die gewaltige Arbeitsloſigkeit
820 2202 2147 2258 nicht herumzukommen ſein. Bei Deutſchlands Geſamtlage ſehe ich
820 2245 2146 2301 in der Ausgeſtaltung der Sozialverſicherung folgende Möglich⸗
818 2291 2148 2344 keit: Es wird innerhalb ein und derſelben Verſicherungsart und
818 2333 2155 2388 auch innerhalb der geſamten Sozialverſicherung nach Erſparnis⸗
818 2378 2150 2431 möglichkeiten Umſchau gehalten werden müſſen. Mit den dadurch
816 2423 2154 2475 frei werdenden Mitteln werden die gröbſten Unzuträglichkeiten
819 2467 2148 2519 und Lücken ausgefüllt werden müſſen, die tatſächlich noch da ſind.
821 2511 2148 2563 Leider kann ich für die nächſten Jahre eine Senkung der Geſamt⸗
819 2553 2149 2608 ausgaben in der alten Sozialverſicherung (Kranken⸗, Unfall⸗ und
821 2600 2147 2655 Invalidenverſicherung) nicht in Ausſicht ſtellen. Bei der
817 2642 2146 2695 Krankenverſicherung halte ich ſolche für möglich, die Invaliden⸗
819 2681 2146 2740 verſicherung dagegen ſteht in Kürze vor einer Kriſis. Sie
820 2731 2145 2782 wird in einigen Jahren um eine größere Beitragserhöhung
821 2774 2146 2828 nicht herumkommen. Es wird zu prüfen ſein, ob bei der
819 2816 2145 2869 Krankenverſicherung ſo viel geſpart werden kann, wie die
823 2864 2144 2916 Invalidenverſicherung demnächſt an Mehreinnahmen benötigt.
817 2907 2141 2961 Größere Erſparniſſe ſind erſt dann bei der Arbeitsloſenverſicherung
818 2949 2141 3003 und der Wohlfahrtspflege möglich, wenn wir in abſehbarer Zeit zu
815 2995 2140 3048 halbwegs günſtigen und konſolidierten Wirtſchaftsverhältniſſen
816 3041 2140 3089 kommen. Für Arbeitsloſe und Wohlfahrtsunterſtützte müſſen im
818 3083 2142 3136 laufenden Jahr über drei Milliarden Mark aufgewendet werden.
815 3131 2141 3179 Davon kann bei Bewältigung des Arbeitsloſenproblems rund die
816 3170 2142 3224 Hälfte geſpart werden. Was meines Erachtens in der Sozialver⸗
815 3215 2143 3269 ſicherung möglich iſt, iſt die Zurückdrängung der Bagatellſachen in
815 3263 2143 3315 der Krankenverſicherung, ſoweit damit keine großen geſundheitlichen
816 3309 2145 3356 Gefahren verbunden ſind, eine beſſere Ordnung des Arzt⸗ und
817 3353 2146 3400 Arzneiweſens und die Stärkung der Selbſtverantwortung des
818 3395 2147 3444 einzelnen in der Kranken⸗ und Arbeitsloſenverſicherung. Im
818 3438 2149 3485 übrigen bin ich der Auffaſſung, daß in den 1,9 Milliarden Mark
816 3480 2148 3530 Penſionen uſw., insbeſondere im Hinblick auf die vielen Doppel⸗
820 3530 2150 3573 erdiener, in einer Stunde der Maſſenarbeitsloſigkeit nicht weniger
817 3570 2147 3620 Mißſtände vorhanden und wohl ebenſoviel Erſparnismöglichkeiten
815 3617 2145 3664 gegeben ſind als in der Sozialverſicherung. Was das Gebiet
814 3661 2144 3707 des Wohnungsweſens anlangt, ſo bin ich mit vielen Städten
811 3705 2143 3751 Gegner der Kleinſtwohnungen. Jedoch kommen die größeren Woh⸗
809 3750 2143 3795 nungen jetzt nur für den geiſtigen Mittelſtand in Frage, während
809 3794 2143 3837 die Handarbeiter und kinderreichen Familien angeſichts ihrer
808 3839 2145 3884 Einkommensverhältniſſe ſolche Wohnungen heute noch nicht mieten
810 3883 2145 3926 können. Ich werde mich bemühen, Mittel und Wege in der
808 3925 2145 3971 nächſten Zeit zu finden, um dieſem Notſtand abzuhelfen. —
804 3970 2149 4017 — Abg. Graßmann (Soz.) wandte ſich gegen die Beſtrebungen
807 4015 2153 4060 der ſogenannten Wirtſchaftskreiſe auf Lohnabbau und Arbeitszeit⸗
808 4058 2152 4104 verlängerungen. Solche Beſtrebungen ſeien doppelt verwerflich
810 4104 2148 4149 angeſichts der wachſenden Verteuerung der Lebenshaltung. Die
812 4141 2149 4194 Folge ſeien Erſchütterungen der Wirtſchaft durch große Arbeits⸗
810 4190 2152 4240 kämpfe. Ein Einſchreiten ſei notwendig gegen die Maſſen⸗
804 4236 2147 4284 entlaſſungen, Feierſchichten und Stillegungen im Bergbau. In
809 4282 2150 4327 dem Proteſt gegen dieſes Vorgehen der Unternehmer ſeien alle
811 4326 2150 4373 Richtungen der Gewerkſchaften einig. Eine Ausdehnung der
810 4371 2149 4416 Kriſenfürſorge auf weitere Berufe ſei eine unabweisbare Not⸗
810 4415 2149 4463 wendigkeit, wenn die Gemeinden nicht mit Wohlfahrtslaſten über
810 4460 2149 4508 Gebühr in Anſpruch genommen werden ſollten. Schon jetzt ſei
809 4505 2148 4552 die Belaſtung der Gemeinden durch die immer größere Zunahme
808 4549 2149 4596 der Wohlfahrts⸗Erwerbsloſen kaum noch erträglich. Den Aus⸗
808 4594 2147 4640 führungen des Miniſters in ſeiner Dortmunder Rede könnten auch
803 4635 2150 4686 ſozialdemokratiſche Gewerkſchaften weitgehend zuſtimmen. Der
805 4682 2152 4731 für die Kriſenfürſorge in den Etat eingeſtellte Betrag müßte ver⸗
807 4728 2150 4774 doppelt werden. Wer über angeblich mangelnden Arbeitswillen
805 4772 2151 4820 klage, der ſollte auch die Verpflichtung fühlen, einen Prüfſtein
804 4815 2149 4864 für den Arbeitswillen dadurch zu ſchaffen, daß er die Mittel für
802 4857 2149 4909 Notſtandsarbeiten bewilligt. Bei der Arbeitsloſenverſicherung ſei
809 4904 2149 4952 unter Berückſichtigung der tatſächlichen Arbeitslage nur ein
809 4949 2148 4997 Betrag von 1250 Millionen verfügbar. Von dem Defizit von
809 4993 2147 5041 250 Millionen, das bei einer Durchſchnittszahl von 1,2 Millionen
808 5037 2147 5081 Arbeitsloſen entſtehen würde, ſeien im Etat nur 200 Millionen
807 5082 2148 5129 gedeckt. Nach den bisherigen Feſtſtellungen der Arbeitsämter
808 5124 2147 5172 müſſe aber mit einer bedeutend höheren Zahl der Arbeitsloſen in
807 5170 2146 5219 dieſem Jahr gerechnet werden, nämlich mit 1,7 bis 1,8 Millionen.
807 5215 2148 5266 Statt 200 Millionen müßten mindeſtens 450 Millionen für die
802 5257 2147 5307 Arbeitsloſenverſicherung in den Etat eingeſtellt werden. Seine
806 5304 2148 5352 Fraktion bitte den Miniſter um Auskunft, wie er ſich die Sanie⸗
801 5348 2151 5394 rung der Arbeitsloſenverſicherung denke. Abg. Schröter⸗
802 5393 2148 5444 Merſeburg (Komm.) begründete verſchiedene Aenderungsanträge.
803 5440 2144 5483 Danach ſollen die Mittel für die Kriſenfürſorge von 150 Mil⸗
801 5482 2147 5527 lionen Mark auf 300 Millionen Mark, für wertſchaffende
801 5526 2148 5574 Arbeitsloſenfürſorge von 55 Millionen Mark auf 150 Mil⸗
799 5571 2148 5622 lionen Mark, für den Reichszuſchuß an die Reichsanſtalt
798 5616 2155 5664 für Arbeitsvermittelung und Arbeitsloſenverſicherung von 150
799 5663 2144 5707 Millionen auf 500 Millionen erhöht werden. Abg. Schneider⸗
799 5705 2145 5754 Berlin (Dem.) hielt die geäußerte Meinung des Miniſters, wonach
797 5749 2146 5795 in Deutſchland annähernd 12 Millionen Menſchen Unterſtützungen
799 5794 2147 5838 aus öffentlichen Mitteln beziehen, für nicht ganz ungefährlich.
798 5834 2145 5887 Es könne dadurch leicht die Meinung entſtehen, als wenn es ſich
799 5882 2156 5931 bei dieſen Leuten in der Hauptſache nur um Unterſtützungen aus
797 5927 2145 5976 der Arbeitsloſenverſicherung handele. Tatſächlich müßten unter⸗
798 5971 2145 6021 ſchieden werden die Renten aus der Invalidenverſicherung von
796 6015 2148 6062 den Renten, die ſich aus Unfällen ergäben, es müßten weiter unter⸗
796 6060 2144 6110 ſchieden werden die Folgen des Krieges, die Fürſorge für die
794 6105 2144 6155 Kriegsverwundeten, der Erſatz der Kriegsſchäden, und ſchließlich
794 6150 2142 6198 müſſe von all dieſen die Arbeitsloſenverſicherung getrennt werden.
792 6195 2144 6239 Wenn in der geſamten Bauwirtſchaft tatſächlich, wie es der
790 6239 2143 6288 Miniſter erklärte, 500 000 bis 600 000 Arbeitsloſe neu entſtehen,
791 6285 2140 6332 ſo müſſe überlegt werden, ob hier nicht mit ganz anderen Mitteln
788 6329 2144 6374 durchgegriffen werden ſollte. Vielleicht laſſe ſich im Zuſammen⸗
787 6373 2141 6422 hang mit dem Oſtprogramm eine Abhilfe ſchaffen. Zur Arbeits⸗
787 6418 2141 6463 loſenverſicherung erklärte der Redner, daß wahrſcheinlich in
785 6463 2139 6507 Zukunft ein noch größerer Fehlbetrag entſtehen werde, wenn die
784 6508 2140 6556 wirtſchaftliche Entwicklung ſo weitergehe, ſo daß wir im Durch⸗
781 6548 2136 6602 ſchnitt mit 300 000 bis 400 000 Arbeitsloſen mehr zu rechnen
2228 618 3567 666 hätten als im vergangenen Jahre. Im vorigen Jahre hätten
2228 662 3570 709 wir noch die Entwicklung des Arbeitsmarktes günſtiger beurteilen
2230 707 3569 755 können, heute wiſſen wir, daß es ſtrukturelle Urſachen des Wieder⸗
2228 752 3581 797 aufbaues der deutſchen Wirtſchaft ſeien, die die rieſige Arbeits⸗
2230 798 3570 847 loſigkeit, ähnlich wie in England, verurſachten. Immerhin könne
2229 844 3570 891 der aufmerkſame Beobachter daran nicht vorbeigehen, daß es er⸗
2229 888 3571 937 ſtaunlich ſei, wenn die Zahl der Arbeitsloſen ſich immer mehr
2230 934 3570 981 vermehre und gleichzeitig doch auch eine Vermehrung der Zahl der
2230 979 3570 1026 Arbeitnehmer ſtattfinde. Jedenfalls müſſe hier auf das genaueſte
2231 1024 3571 1070 nachgeprüft werden, daß im Intereſſe der wirklichen Arbeitsloſen
2231 1071 3571 1114 etwa kein Mißbrauch mit der Arbeitsloſenverſicherung getrieben
2231 1116 3571 1162 werde. Der Redner hatte im zuſtändigen Ausſchuß ſeinerzeit das
2231 1160 3571 1204 Markenſyſtem empfohlen, wo durch Einkleben von Marken die
2231 1206 3571 1251 Beitragszahlungen während der Arbeitsperioden des Verſicherten
2229 1253 3568 1294 dokumentariſch belegt würden. Dieſes Markenſyſtem wäre ein
2230 1295 3573 1341 gutes Mittel gegen den etwaigen Mißbrauch der Arbeitsloſen⸗
2231 1338 3569 1388 verſicherung geweſen. Leider habe dieſer Vorſchlag keinen Anklang
2228 1384 3570 1431 bei dem zuſtändigen Ausſchuß gefunden. Eins müſſe man ſich
2228 1430 3570 1477 klar machen, die Arbeitsloſenverſicherung werde niemals ſaniert
2228 1474 3570 1522 werden können, wenn die Saiſonberufe jährlich 3 bis 4 mal ſo
2226 1518 3569 1567 viel aus der Verſicherung herausholten, wie ſie hineingezahlt
2226 1566 3570 1614 hätten. Abg. Dr. Brauns (Zentr.) ſieht im jetzigen Arbeits⸗
2223 1611 3569 1658 miniſterium eigentlich die Fortſetzung des alten Innenminiſteriums.
2226 1656 3569 1703 Für die wirtſchaftliche, ſoziale und politiſche Entwicklung unſeres
2225 1701 3566 1747 Volkes iſt das Arbeitsminiſterium eine der wichtigſten Stellen.
2226 1746 3568 1794 Der Redner ſchließt ſich dem Lobe der Tätigkeit des Miniſteriums
2224 1791 3568 1839 an, das durch den Referenten bereits im Eingang der Verhandlungen
2225 1836 3570 1886 ausgeſprochen worden iſt. Dem Arbeitsminiſterium müſſe un⸗
2224 1880 3569 1929 bedingt das Notwendige für ſeine Arbeiten gegeben werden,
2224 1925 3568 1976 ſowohl hinſichtlich der perſonellen wie der ſächlichen Ausgaben.
2222 1970 3568 2020 Zu den ſozialen Problemen, die im Reichsarbeitsminiſterium ihre
2223 2015 3568 2067 Bearbeitung finden, vertrat der Redner die Meinung, daß die
2222 2059 3567 2111 Sozialverſicherung ſich nicht zu einer allgemeinen Volksverſicherung
2222 2105 3567 2156 auswachſen dürfe. Er habe jetzt ſchon Bedenken, daß Deutſchland
2220 2151 3567 2201 gegenwärtig über die geſunde Grenze in der Sozialverſicherung
2220 2196 3567 2246 hinausgekommen iſt. Wenn man dieſe geſunde Grenze über⸗
2221 2242 3571 2292 ſpannt, ſo tut man wahrhaftig dem Gedanken der Soizalverſiche⸗
2223 2287 3566 2337 rung einen Schaden, und es iſt lediglich im Intereſſe der Sozial⸗
2223 2332 3563 2382 verſicherten, daß man gegen eine Ueberſpannung Einſpruch erhebt.
2222 2381 3562 2432 Wir müſſen ſehen, daß die eigene Initiative und die eigene Für⸗
2223 2425 3565 2477 ſorge durch die Geſtaltung unſerer Sozialverſicherung nicht gelähmt
2221 2471 3568 2519 wird. Aus der Verſicherung darf nicht etwa ein kleines Ge⸗
2220 2516 3566 2568 ſchäftchen gemacht werden. Selbſtverſtändlich dürfen derartige
2217 2561 3565 2614 Gedanken in dieſem Sinne nicht verallgemeinert werden, daß
2217 2607 3566 2658 man die Not der Arbeitsloſen unterſchätzt oder verkennt, aber
2216 2652 3565 2705 gerade im Intereſſe der Notleidenden muß es ausgeſprochen
2214 2698 3565 2750 werden, daß die Sozialverſicherung nicht dazu da iſt, um un⸗
2216 2741 3564 2794 lauteren und faulen Elementen Einkünfte zu ſichern. Man kann
2214 2787 3563 2841 es wohl verſtehen, daß in Notzeiten, wie ſie nach dem Kriege
2214 2833 3565 2887 waren, gewiſſe Vorſichtsmaßregeln in der Sozialverſicherung auf⸗
2212 2878 3563 2932 gehoben worden ſind, wie beiſpielsweiſe die Einſchränkung der
2211 2926 3562 2979 Karenzzeit. Aber man muß auch den Gedanken erwägen, daß es
2210 2971 3563 3024 vielleicht beſſer iſt, lieber die Wohlfahrtspflege vor die Ingang⸗
2211 3016 3561 3068 ſetzung der Sozialverſicherung zu ſetzen, als nachher. Sicherlich
2211 3062 3562 3115 gibt es auch noch manchen Weg, um der Arbeitsloſenverſicherung
2211 3107 3562 3161 zu helfen. Man braucht nur die Krankenverſicherung zu be⸗
2212 3153 3561 3205 trachten. Innerhalb der Krankenverſicherung iſt wahrſcheinlich
2213 3198 3562 3252 noch verſchiedenes zu beheben, was produktive Arbeit betrifft, die
2212 3243 3563 3296 heute dort geleiſtet wird. Die Steigerung der Beiträge bei den
2213 3287 3563 3342 Krankenkaſſen ſteht in gar keinem Verhältnis zur Steigerung der
2215 3332 3564 3387 Beiträge bei der Arbeitsloſenverſicherung. Bei letzterer ſtreitet
2218 3378 3564 3432 man ſich ſchon ſeit längerer Zeit um die Erhöhung der Beiträge
2218 3426 3565 3476 um ¼ vH. Was aber haben die Krankenkaſſen getan? Vor dem
2218 3470 3565 3522 Kriege betrug der Durchſchnittsbeitrag der Krankenkaſſen etwa
2220 3516 3565 3564 3 bis 3 ½ vH der Löhne. Heute ſind es durchſchnittlich 6 vH, und
2215 3562 3571 3608 wenn ich richtig unterrichtet bin, ſind einzelne Krankenkaſſen in
2215 3606 3564 3654 ihren Beitragserhöhungen ſogar bis zu 10 vH der Löhne ge⸗
2214 3652 3561 3697 gangen. Hier könnte man bei richtiger Behandlung der Kranken⸗
2214 3696 3562 3745 verſicherung vielleicht größere Summen im Intereſſe der Arbeits⸗
2213 3741 3563 3792 loſenverſicherung herausholen. Dabei muß ſelbſtverſtändlich ſtets
2214 3787 3562 3837 erſter Grundſatz bleiben, daß in der Geſundheitsfürſorge alles
2215 3831 3563 3880 Notwendige in keiner Weiſe unterbunden oder geſchmälert werden
2214 3877 3563 3927 darf. Zur Arbeitsloſenverſicherung erklärte der Redner, daß er
2217 3921 3562 3975 es nicht unterlaſſen könne, daran zu erinnern, daß auch das Unter⸗
2218 3966 3562 4017 nehmertum und die Wirtſchaft leider die Arbeitsloſenverſicherung
2218 4011 3562 4062 etwa unter dem Geſichtspunkt betrachte, wie ſie ſich dieſe Inſtitu⸗
2219 4055 3562 4106 tion zunutze machen können. Die Sozialverſicherung ſoll aber
2218 4099 3563 4151 keineswegs dem Unternehmertum einen direkten Nutzen bringen,
2219 4144 3562 4196 ſondern ſie ſoll dem Arbeitnehmer in erſter Reihe helfen. Die
2219 4189 3562 4244 Geſamtlaſten, die uns die Sozialverſicherung auferlegt, dürfe nicht
2219 4234 3562 4288 erhöht werden. Das iſt auch im Intereſſe der Arbeitnehmer zu
2220 4278 3562 4333 fordern, die am Arbeitslohn durch den Quotenabzug für die
2220 4323 3562 4375 Arbeitsloſenverſicherung nicht zu ſtark geſchmälert werden
2217 4368 3563 4422 dürfen. Alle dieſe Dinge ſind nicht von ſozialpolitiſcher
2219 4412 3562 4470 Seite zu betrachten, ſondern ſie müſſen auch unbedingt
2220 4459 3560 4511 von der wirtſchaftlichen Seite aus geſehen werden.
2226 4509 3564 4561 Reichsarbeitsminiſter Dr. Stegerwald antwortete auf die
2226 4554 3564 4606 Ausführungen der Fraktionsvertreter. Er betonte zunächſt, daß
2227 4599 3564 4648 er ſich nur darauf beſchränkt habe, zu dem Nächſtliegenden und
2225 4642 3562 4694 Notwendigſten Stellung zu nehmen. Was die Sanierung der
2226 4685 3562 4733 Arbeitsloſenverſicherung anlangt, ſo werden darüber in den
2227 4729 3562 4781 nächſten Wochen die Entſcheidungen fallen. Der Vorſtand der
2228 4769 3562 4827 Reichsanſtalt hat die Aufgabe, zunächſt von ſich aus Vorſchläge
2227 4817 3561 4871 für die Sanierung zu machen. Eines kann heute ſchon geſagt
2227 4862 3563 4912 werden, nämlich, daß die Beitragserhöhung auch mehr als ein
2227 4905 3560 4958 viertel Prozent betragen wird. In dieſem Zuſammenhang wird
2226 4949 3560 5002 auch die Finanzierung der Kriſenfürſorge erörtert werden müſſen.
2225 4993 3560 5045 Die Zahl der Kriſenunterſtützten hat erheblich zugenommen.
2224 5037 3560 5090 Deshalb ſind dafür erheblich höhere geldliche Aufwendungen er⸗
2226 5081 3559 5133 forderlich als vorauszuſehen war. Ebenſo werde ich mich in der
2226 5124 3559 5178 nächſten Zeit den Fragen der wertſchaffenden Arbeitsloſen⸗
2222 5168 3561 5221 fürſorge zuwenden. Um Mittel dafür zu beſchaffen, iſt vor⸗
2222 5211 3559 5266 geſchlagen worden, ein allgemeines Notopfer zu erheben. Dieſer
2224 5256 3561 5308 Vorſchlag erſcheint mir aber abwegig. Denn was hier auf der
2225 5300 3561 5354 einen Seite dem Staate für die Mehrbeſchaffung von Arbeit ge⸗
2225 5344 3559 5391 wonnen wird, vermindert ſich auf der anderen Seite in der
2224 5386 3560 5441 Privatwirtſchaft. Die ſo aufgebrachten Gelder würden zwar in
2224 5432 3558 5482 einer großen Zentralſtelle zuſammenkommen, dieſe Gelder würden
2225 5474 3558 5528 aber der Privatwirtſchaft entzogen werden. Deshalb könnte
2224 5517 3557 5574 dadurch der deutſchen Kapitalverknappung nicht abgeholfen
2224 5562 3557 5619 werden. Der Reichsarbeitsminiſter kam in dieſem Zuſammenhang
2219 5603 3555 5656 nochmals auf die Angriffe gegen ihn wegen ſeiner Rede in Dort⸗
2224 5649 3557 5705 mund zu ſprechen. Er betonte, daß er ſtets mit offenem Viſier
2224 5694 3557 5749 kämpfe und daß er es für notwendig halte, die Atmoſphäre, die
2223 5736 3558 5794 durch die dauernden unbegründeten Angriffe auf die Sozial⸗
2217 5780 3559 5838 verſicherung vergiftet worden ſei, wieder zu entgiften. Er betonte,
2224 5821 3556 5878 daß er in Dortmund nicht geſagt habe, Deutſchland habe etwa
2222 5866 3556 5923 12 Millionen Staatsrentner oder Sozialrentner, ſondern daß er
2223 5910 3558 5965 ausgeführt habe, daß in Deutſchland zur Zeit ungefähr 12 Mil⸗
2216 5951 3554 6010 lionen Menſchen aus öffentlichen Mitteln unterſtützt würden.
2223 5996 3555 6054 Unter dieſe Zahlen fallen nicht nur die Sozialrentner, ſondern
2218 6040 3555 6098 auch die verſorgungsberechtigten Kriegsbeſchädigten, die Pen⸗
2221 6083 3555 6139 ſionäre, die Hinterbliebenen, die Witwen, die Waiſen, die Klein⸗
2222 6128 3553 6184 rentner uſw. Der größte Teil von dieſen Unterſtützten habe aber
2219 6171 3552 6227 mit der Sozialverſicherung nichts zu tun. Renten aus der Sozial⸗
2214 6212 3552 6269 verſicherung erhielten noch nicht die Hälfte dieſer 12 Millionen.
2213 6256 3551 6313 Zu einer Diskreditierung der Sozialverſicherung habe er ſich nicht
2218 6302 3558 6362 hergegeben und werde er ſich auch nicht hergeben. Was die Frage
2216 6345 3554 6402 der Arbeitszeitverkürzung anlange, ſo werde dieſe Frage in der
2218 6388 3555 6446 nächſten Zeit ſtärker in den öffentlichen Erörterungen hervor⸗
2219 6433 3551 6486 treten. Erforderlich ſei es, auch dieſe Frage in dem Zuſammen⸗
2216 6475 3552 6534 hang mit dem Produktionsproblem zu ſehen. Hinſichtlich der
2216 6518 3552 6575 Soziallaſten ſei es falſch, dieſe allein für ſich zu betrachten. Es
2207 6560 3551 6616 ſei vielmehr notwendig. Soziallaſten und Lohn als eine
3639 617 4922 708 Einheit zu ſehen. Weiter müſſe man ſich fragen, was
3640 662 4919 753 dann für dieſe Lohneinheit geleiſtet werde. Gehe man an
3644 707 4923 795 die Beantwortung dieſer Frage, ſo komme man zu dem Er⸗
3644 744 4926 836 gebnis, daß die Leiſtungen gerade auf deutſcher Seite ſo um⸗
3646 795 4922 879 faſſend und groß ſind, wie in wenig anderen größeren Ländern
3643 838 4917 927 Europas. Zum Schluß ſeiner Ausführungen betonte der Reichs⸗
3641 881 4924 971 arbeitsminiſter, daß alle großen ſozialen Fragen, insbeſondere
3645 925 4923 1014 das Arbeitsproblem, in einem großen internationalen Zu⸗
3643 970 4922 1057 ſammenhang geſehen werden müßten. In welchem Tempo man
3644 1014 4923 1100 ſoziale Notwendigkeiten in die Tat umſetzen müſſe, darüber ſei
3643 1057 4926 1148 vorläufig noch keine Einigung vorhanden, aber es ſei erforderlich,
3645 1103 4922 1184 ſich einmal darüber auszuſprechen Grundlos aber ſei es, davon
3644 1150 4914 1225 zu reden, daß die deutſche Regierung abſichtlich den unteren
3642 1192 4918 1270 Schichten des Volkes das Leben erſchweren oder ſie verkümmern laſſe.
3640 1235 4918 1313 Abg. Thiel (D. Vp.) war der Anſicht, daß die Perſönlichkeit
3641 1281 4916 1358 des Reichsarbeitsminiſters Stegerwald genügende Gewähr dafür
3642 1326 4915 1399 bietet, daß die Aera einer angeblichen Reaktion in der deutſchen
3640 1371 4912 1442 Sozialwirtſchaft nicht einſetzt, wie es die Kommuniſten fälſchlich
3641 1414 4911 1485 und wider beſſeres Wiſſen behaupten. Der Redner wandte ſich
3640 1462 4912 1533 dann gegen falſche Auslegungen und abſichtliche Mißdeutungen
3640 1506 4913 1576 von Erklärungen ſeiner politiſchen Freunde. In keinem Stadium
3640 1550 4913 1621 der Verhandlungen über die Arbeitsloſenverſicherung iſt von ihnen
3640 1595 4912 1667 erklärt worden, daß ſie grundſätzlich Gegner einer Erhöhung der
3641 1638 4917 1710 Beiträge für die Arbeitsloſenverſicherung ſind, ſofern eine Bei⸗
3641 1685 4915 1753 tragserhöhung durch eine vernünftige Organiſierung der Arbeits⸗
3639 1729 4911 1797 loſenverſicherung zu einer Geſundung dieſer Inſtitution führen
3640 1774 4911 1841 kann. Leider waren aber alle Vorſchläge derart, daß von ihnen
3640 1818 4912 1881 eine Geſundung der Arbeitsloſenverſicherung nicht zu erwarten
3639 1864 4910 1928 war, und dieſe Anſicht iſt auch durch die Erfahrung beſtätigt
3638 1909 4910 1968 worden. Es handelt ſich alſo nicht um die Frage, ob eine Er⸗
3639 1953 4912 2016 höhung der Beiträge für die Arbeitsloſenverſicherung zu gewähren
3637 1999 4912 2058 iſt oder nicht, ſondern darum, ob durch dieſe Erhöhung die Arbeits⸗
3639 2044 4914 2106 loſenverſicherung zu ſanieren iſt. Angenehm war der Redner
3637 2088 4911 2152 durch die Ergebniſſe der wertſchaffenden Arbeitsloſenfürſorge
3638 2134 4912 2195 überraſcht. Es ſind da tatſächlich mehr Mittel zurückgefloſſen, als
3636 2179 4915 2243 man urſprünglich erwartet hatte. Dieſe Erfahrungen ermöglichen
3635 2224 4912 2283 es, an die Prüfung der Gewährung weiterer Mittel für die wert⸗
3637 2267 4915 2325 ſchaffende Arbeitsloſenfürſorge mit weniger großer Reſerve heran⸗
3630 2315 4918 2373 zutreten als bisher, wobei ſelbſtverſtändlich ſtets die ſorgfältigſte
3631 2352 4926 2415 Abwägung des Für und Wider von Fall zu Fall notwendig ſein
3637 2403 4912 2456 wird. Der Redner unterzog dann die Stellung der durch Privat⸗
3634 2446 4912 2505 dienſtvertrag bei Behörden angeſtellten Perſonen einer ſcharfen
3636 2492 4912 2545 Kritik. Die Bedingungen, die dieſen Angeſtellten auferlegt
3637 2538 4912 2588 werden, ſind durchaus unſozial, übrigens auch im Arbeits⸗
3637 2581 4912 2636 miniſterium ſelbſt, das doch der Hort der ſozialen Geſinnung ſein
3636 2625 4925 2678 ſollte. Abg. Schwarzer (Bayr. Vp.) betonte ſein Vertrauen
3635 2671 4913 2723 zum Reichsarbeitsminiſter in dem Sinne, daß der Miniſter den
3635 2716 4913 2772 ſozialen Fortſchritt, der in Deutſchland unleugbar vorhanden ſei,
3635 2760 4916 2814 auch weiter fördern werde. Das Reichsarbeitsminiſterium möge
3632 2806 4916 2860 der Geldanlage der verſchiedenen Verſicherungsträger größte Auſ⸗
3634 2850 4914 2901 merkſamkeit zuwenden. Es ſei durchaus nicht immer nötig, wenn
3634 2893 4914 2946 die Verſicherungsträger im Beſitz liquider Mittel ſeien,
3631 2939 4913 2992 daß ſie dann dieſe Mittel zur Errichtung großartiger Für⸗
3634 2985 4914 3037 ſorge⸗ oder Geſundheitsanſtalten verwendeten, wo ſolche
3632 3029 4923 3078 Inſtitutionen gar nicht notwendig ſeien. Dadurch würden
3633 3073 4923 3121 oft Doppeleinrichtungen geſchaffen, die ſich gegenſeitig im
3632 3117 4923 3167 Wege ſtünden, ohne daß die Verſicherung etwas davon habe.
3634 3161 4916 3212 Abg. Beier⸗Dresden (Wirtſch. P.) erklärte, er ſei nicht Gegner
3634 3205 4919 3255 der Sozialverſicherung, ſoweit ſie unverſchuldete Not auszuſchließen
3636 3249 4921 3299 beſtimmt ſei. Aber die Sozialverſicherung dürfe nicht zum leb⸗
3636 3293 4918 3344 loſen Schema ausarten. Man dürfe die kleinen Betriebe nicht
3634 3337 4918 3387 zugunſten der großen, die es eher zu tragen vermögen, durch
3636 3381 4918 3431 die Ueberbürdung mit Soziallaſten völlig vernichten. Der Arbeits⸗
3638 3424 4917 3475 loſigkeit gehe man am beſten zu Leibe durch Schaffung von
3638 3467 4922 3517 Arbeitsgelegenheiten. Dieſe aber fördere man, indem man
3637 3511 4920 3557 Handel, Gewerbe und Wirtſchaft nicht unter der Laſt öffentlicher
3637 3555 4918 3602 Abgaben zuſammenbrechen laſſe. Das Reichsarbeitsminiſterium
3637 3598 4916 3650 möge auch ſeine Aufmerkſamkeit dem Problem der Einführung
3636 3642 4921 3692 einer geſetzlichen Arbeitspflichtleiſtung zuwenden. Durch die
3633 3684 4921 3734 Heranziehung junger Leute zur gewerblichen Arbeitsdienſtpflicht,
3634 3725 4921 3781 beiſpielsweiſe für Straßenbau, Meliorationen uſw., würden
3635 3774 4921 3821 Arbeitsplätze frei, welche den älteren und verheirateten Leuten
3635 3819 4914 3865 zugute kommen könnten. Jetzt ſei der Zuſtand doch ſo, daß die
3631 3860 4915 3910 älteren Menſchen, die für eine Familie zu ſorgen hätten, oft
3637 3905 4915 3955 keine Arbeit finden könnten und nicht aus noch ein wüßten, da⸗
3636 3951 4914 4000 gegen die jungen Leute manchmal im Verhältnis zu ihrer Jugend
3635 3994 4913 4045 einen recht hohen Verdienſt hätten, den ſie naturgemäß in manchen
3636 4037 4913 4086 Fällen noch nicht im Sinne vernünftiger Lebenswirtſchaft aus⸗
3636 4082 4912 4130 zugeben vermöchten. Der perſonelle Aufbau des Reichsarbeits⸗
3636 4125 4911 4173 miniſteriums und der Arbeitsämter täuſche den Zuſtand vor, als
3636 4169 4911 4216 lebten wir in den herrlichſten Zeiten. Ueberall werde fröhlich
3633 4213 4911 4262 darauflos organiſiert und die herrlichſten Inſtitute errichtet.
3635 4260 4912 4301 Früher arbeitete die Arbeitsvermittlung faſt koſtenlos, heute ver⸗
3632 4298 4912 4347 ſchlinge ſie vermittels der Arbeitsämter Millionen. Alles ſei
3633 4345 4912 4392 auf das Großartigſte aufgezogen, als ſchwämmen wir im Gelde.
3633 4387 4911 4433 Abg. Hülſer (Chriſtl. Nat. Arb. Gem.) begrüßte es, daß der
3634 4430 4909 4479 Miniſter ſchleunigſt die Initiative ergreifen will zur Sanierung
3634 4473 4909 4524 der Arbeitsloſenverſicherung. Auch die Nichtverſicherten ſeien
3633 4516 4910 4568 durch tauſend Fäden mit dem Wohl und Wehe der Sozial⸗
3634 4559 4910 4613 verſicherten verbunden. Dieſe Erkenntnis müſſe der Miniſter
3634 4601 4910 4657 ausbreiten. Sie werde ernüchternd wirken, die fruchtloſe Kritik
3634 4653 4908 4702 abzudämpfen und die Allgemeinheit zu vernünftigen Geſundungs⸗
3634 4697 4911 4751 maßnahmen für die Arbeitsloſenverſicherung heranleiten.
3629 4740 4909 4793 Abg. Schmidt⸗Stettin (D. Nat.) ſprach für Rationaliſierungs⸗
3629 4785 4905 4838 maßnahmen, die auch in den Behörden durchgeführt werden
3628 4826 4907 4882 müßten. Ebenſo zeige ſich ein Vernachläſſigen der Rationali⸗
3627 4867 4909 4928 ſierungsidee beim Reichsarbeitsminiſterium. Im Jahre 1926
3625 4916 4909 4973 habe die Zahl der Beamten, Hilfsbeamten, Angeſtellten und
3627 4957 4907 5017 Arbeiter im Reichsarbeitsminiſterium 450 betragen, im Jahre
3627 4999 4909 5060 1930 ſei dieſe Zahl inzwiſchen auf 509 angewachſen. Es habe
3625 5050 4907 5108 alſo im Reichsarbeitsminiſterium ſelbſt eine Vermehrung inner⸗
3627 5092 4909 5153 halb von 4 Jahren um 59 Köpfe ſtattgefunden. Der Redner
3628 5138 4908 5196 regte dann an, daß der Reichsſparkommiſſar die perſonellen und
3628 5180 4909 5240 ſachlichen Ausgaben des Reichsarbeitsminiſteriums durchprüſen
3628 5223 4911 5287 möge. Auch im Reichsarbeitsminiſterium könne die Geſetz⸗
3628 5266 4910 5333 gebungsmaſchine langſamer laufen, ſonſt ſei alle Rationali⸗
3624 5310 4911 5378 ſierungsreform nutzlos. Der Redner ſchätzte das Etatdefizit für
3626 5355 4910 5426 1930 bei dem jetzigen Zuſtand der Arbeitsloſenverſicherung auf
3626 5399 4909 5466 mindeſtens 400 Millionen Reichsmark. Abg. Dr. Hertz (Soz.)
3626 5449 4910 5518 wandte ſich gegen die Zahlenaufſtellung, die hinſichtlich der Be⸗
3627 5492 4909 5561 laſtung der Wirtſchaft durch öffentliche Zahlungen Reichsarbeits⸗
3626 5535 4911 5603 miniſter Stegerwald gegeben habe. Wenn auch der Miniſter
3625 5581 4912 5646 ſelbſt vielleicht eine Tendenz in dieſer Sache nicht legen wollte,
3622 5623 4913 5696 ſo habe es ſich doch als unvermeidbar herausgeſtellt, daß dieſe
3624 5669 4914 5736 Zahlen ein willkommenes Mittel für tendenziöſe Verdrehungen
3625 5718 4911 5783 und Mißdeutungen ſeien. Die Höhe der öffentlichen Belaſtung
3625 5758 4913 5831 ſei — wenn man ſie rein zahlenmäßig annehme — gewiß be⸗
3624 5797 4916 5872 ängſtigend angewachſen. Aber volkswirtſchaftlich betrachtet dürfe
3624 5839 4914 5920 man doch keineswegs ſo ſchematiſch verfahren, daß man einſach
3922 5979 4681 6034 (Fortſetzung in der Erſten Beilage.)
3626 6158 4911 6219 Verantwortl. Schriftleiter: Direktor Dr. Tyrol, Charlottenburg.
3905 6234 4711 6281 Verantwortlich für den Anzeigenteil:
3820 6272 4770 6329 Rechnungsdirektor Mengering in Berlin.
3739 6335 4833 6390 Verlag der Geſchäftsſtelle (Mengering) in Berlin.
3645 6386 4898 6459 Druck der Preußiſchen Druckerei⸗ und Verlags⸗Aktiengeſellſchaft,
4030 6452 4556 6499 Berlin, Wilhelmſtraße 32.
4069 6520 4520 6576 Sechs Beilagen
3612 6551 4907 6634 (einſchließl. Börſenbeilage und zwei Zentralhandelsregiſterbeilagen).
6416 377 7522 493 Erſte Beilage
4975 473 9050 653 zum Deutſchen Reichsanzeiger und Preußiſchen Staatsanzeiger
4967 636 5364 778 Nr. 113.
6478 652 7437 730 Berlin, Freitag, den 16. Mai
8779 647 9056 733 1930
5164 815 5918 885 (Fortſetzung aus dem Hauptblatt.)
5009 930 6218 1021 Zahlen, die durch öffentlich⸗rechtliche Kaſſen laufen, als Be⸗
4989 976 6219 1070 tung für die Wirtſchaft anſehe. Mit demſelben Recht könne
4982 1020 6216 1115 an auch die Frachten der Reichsbahn, die Abgaben bei den
4987 1066 6221 1157 aſſerſtraßen, die Gebühren bei der Reichspoſt als Laſten der
4984 1113 6221 1202 irtſchaft auf eine Seite ſtellen, der gegenüber man dann an⸗
4995 1159 6219 1244 liche produktive Arbeit ſtelle. Für die volkswirtſchaftliche
4994 1204 6220 1290 rkung öffentlicher Ausgaben ſei der Verwendungszweck allein
4992 1252 6216 1334 ſcheidend, nämlich die Frage, ob die Ausgaben produktiv oder
4987 1293 6219 1381 produktiv im wirtſchaftlichen Prozeß verwandt würden. Hier
4992 1331 6218 1422 en die entſcheidenden Fehler der Zuſammenſtellung, die der
4993 1375 6218 1468 iniſter gegeben habe. Wie könne man Ausgaben für
5014 1427 6217 1506 Wohnungsbau ſchematiſch gleichſtellen mit Unfall⸗
4996 1473 6218 1557 ten. Es werde wohl niemanden geben, der den Aufbau
5004 1515 6217 1597 Wohnungswirtſchaft als unproduktiv bezeichnen könne.
4985 1558 6217 1646 elbſt die Ausgaben für ſoziale Unterſtützungen dienten konſum⸗
4993 1607 6218 1688 en Zwecken, ſeien alſo nicht gänzlich unproduktiv. Die Zu⸗
4984 1652 6219 1731 mmenſtellung des Miniſters könne den völlig falſchen Eindruck
4986 1693 6215 1778 wecken, als ob die darin genannten Ausgaben ein nutzloſes
4999 1735 6218 1817 wergewicht für die Wirtſchaft darſtellten, ein Schwergewicht,
5005 1777 6216 1857 ſeinerſeits der Produktionsprozeß mit ſich ſchleppen müſſe.
5008 1820 6217 1899 allem ſeien in der miniſteriellen Aufſtellung vier Fehler⸗
4990 1865 6217 1946 ellen zu nennen: die Zahlungen an die Beamtenpenſionäre
4993 1914 6217 1991 deten ein Entgelt für produktive Leiſtung, denn die Beamten⸗
4992 1958 6214 2034 tigkeit ſei im wirtſchaftlichen Prozeß unbedingt erforderlich.
4992 2002 6216 2075 eiter ſei es falſch, daß bei der Benennung von 12 Millionen
4992 2047 6217 2122 enſchen, die aus öffentlichen Mitteln leben ſollen, die Familien⸗
4992 2092 6218 2167 gehörigen mit hinzugerechnet ſeien, alſo höchſt wahrſcheinlich
4986 2140 6215 2203 Millionen ſchematiſch mit vier multipliziert worden ſeien, indem
5010 2181 6217 2248 angenommen habe, daß eine Familie aus vier Köpfen beſtehe.
5004 2225 6216 2296 käme man zu der Zahl von zwölf Millionen Menſchen, die
5008 2268 6219 2335 keinesfalls an der Zahl der Erwerbstätigen gemeſſen werden
4995 2311 6217 2381 rſten. Schließlich ſeien Doppelzählungen ſicherlich vor⸗
4991 2354 6215 2426 ommen, denn von Regierungsſeite ſei ſelbſt erklärt worden,
5004 2401 6216 2468 die Zahl der Rentenempfänger ſich nicht genau beſtimmen
5016 2444 6217 2507 ſondern lediglich aus den durch die öffentlichen Kaſſen
4996 2489 6215 2556 ſenden Beträge zu beſtimmen wäre. Auch die vorüber⸗
4996 2534 6217 2599 end gezahlten Unterſtützungen dürften in dieſer Zu⸗
5001 2583 6219 2645 menſtellung, die ſich doch mit dauernden Zuſtänden
4990 2626 6215 2690 aſſen wolle, nicht aufgezählt werden. Abg. Schröter⸗
4994 2668 6216 2731 rſeburg (Komm.) wandte ſich gegen jeden etwa
4992 2715 6211 2774 planten Leiſtungsabbau bei der Sozialverſicherung.
4988 2759 6215 2818 ichsarbeitsminiſter Dr. Stegerwald ergriff nochmals das
5023 2804 6213 2858 um einzelne Anfragen zu beantworten. Er ſtreifte die
4987 2843 6212 2908 agen der Abwanderung vom Land in die Stadt und ſtellte feſt,
5003 2895 6213 2946 dieſe Abwanderung in geringem Maße abgenommen, und
5003 2937 6213 2995 die Zuwanderung heute in geringerem Maße als früher die
4988 2982 6214 3037 wanderung überſteigt. Was die Anwendung der Stilllegungs⸗
4980 3026 6213 3083 rordnung anlangt, ſo iſt zuzugeben, daß ſie vielleicht in einigen
4987 3073 6212 3124 llen hätte ſchärfer angewandt werden müſſen. Das Reichs⸗
4991 3117 6215 3172 eitsminiſterium werde aber den einzelnen Fällen nach⸗
4991 3158 6218 3212 en und dieſe überprüfen. Wenn ausgeführt worden iſt, daß
4998 3204 6220 3257 Verwaltungsausgaben des Reichsarbeitsminiſteriums höher
5005 3248 6217 3298 als in früheren Jahren, ſo iſt dazu zu ſagen, daß das an
5005 3294 6214 3354 ſtändig gewachſenen Aufgabenkreis des Miniſteriums liegt.
5000 3336 6214 3388 übrigen wird die Frage, ob Einſparungen möglich ſind, bei
4994 3385 6213 3433 Beratung des Ausgabenſenkungsgeſetzes geprüft werden. Hin⸗
4989 3427 6207 3477 tlich des Abbaues der gewerblichen Stellenvermittlungen wird
4996 3465 6208 3520 Zeit erwogen, ob die im Geſetz vorgeſchriebene Abfindung
4985 3513 6212 3567 ſer Stellenvermittlungen dadurch eingeſpart werden kann, daß
4988 3556 6208 3608 Stellenvermittlungen nicht ſofort aufgehoben werden, ſondern
5007 3601 6210 3656 einige Zeit beſtehen bleiben. Würde dieſer Fall eintreten,
4988 3653 6208 3699 könnten die vorgeſehenen Abfindungen wegfallen. Schließ⸗
4997 3697 6208 3745 wandte ſich der Miniſter noch gegen die Ausführungen, die
4985 3742 6207 3785 en Widerſpruch darin finden, daß einerſeits der Miniſter Be⸗
4988 3786 6207 3831 ken gegen eine weitere Beitragserhöhung in der Sozialverſiche⸗
4980 3832 6205 3874 ng habe, auf der anderen Seite trotzdem für eine Beitrags⸗
4981 3872 6206 3925 höhung zur Arbeitsloſenverſicherung eintrete. Der Miniſter
4997 3918 6208 3966 te aus, daß er nicht eine dauernde Erhöhung der Beiträge
4987 3960 6210 4018 trete, ſondern nur eine vorübergehende Erhöhung im Auge
5023 4012 6208 4058 Dieſe ſei allerdings unerläßlich, da infolge von Hem⸗
4977 4049 6207 4101 ungen, deren Beſeitigung außerhalb der Macht des deutſchen
4978 4089 6206 4142 lkes liege, eine weitere Belaſtung mit Steuern unmöglich ſei.
4982 4138 6211 4190 genüber den Ausführungen des kommuniſtiſchen Redners wies
4989 4175 6210 4236 Miniſter zum Schluſſe darauf hin, daß vor dem Kriege für
4980 4221 6210 4279 ilitärausgaben 1,6 Milliarden aufgewandt worden ſeien,
4983 4266 6206 4322 hrend die ſozialen Ausgaben dieſe Höhe ebenfalls erreichten.
5020 4311 6206 4364 dagegen ſeien im Wehretat an Ausgaben ſiebenhundert
4978 4345 6206 4411 illionen Reichsmark eingeſetzt und für ſoziale Ausgaben etwa
4996 4398 6208 4453 Milliarden. Das beweiſe am beſten, daß der deutſche Staat
4990 4436 6213 4499 dem Wege ſei, ſich zum ſozialen Staat zu entwickeln. — Hierauf
4985 4487 6090 4547 tagte der Ausſchuß die Weiterberatung auf den 15. Mai.
4996 4679 6207 4733 Die am 15. Mai ausgegebene Nummer 14 des Reichs⸗
4977 4717 6207 4778 beitsblatts hat folgenden Inhalt: Teil I. Amtlicher
4981 4765 6206 4823 eil: I. Arbeitsvermittlung und Arbeitsloſenverſicherung. Geſetze,
4981 4809 6205 4864 rdnungen, Erlaſſe: Nachwuchsmangel in der Landwirtſchaft. —
4985 4853 6208 4912 eige über Verſicherungsfreiheit in der Arbeitsloſenverſicherung für
4982 4898 6214 4956 ländiſche landwirtſchaftliche Wanderarbeiter (§ 209 AVAVG.). —
4988 4941 6206 5004 cheide, Urteile: 39. Kurzarbeiterunterſtützung uach der Verordnung
4983 4984 6204 5048 Unterſtützung von Angeſtellten und Arbeitern des Tabakgewerbes.
4978 5030 6212 5091 40. Mahn⸗ und Vollſtreckungsgebühren beim Einzug der Beiträge
4982 5073 6205 5136 Reichsanſtalt für Arbeitsvermittlung und Arbeitsloſenverſicherung.
4977 5120 6205 5181 41. Ausſchluß eidlicher Vernehmungen im Unterſtützungsverfahren
4987 5163 6205 5223 Arbeitsloſenverſicherung. — 42. Anrechnung der Entſchädigung
4994 5207 6211 5271 § 29 des Zündwarenmonopolgeſetzes nach § 113 AVAVG. —
4993 5251 6203 5314 Arbeitsſchutz. Geſetze, Verordnungen, Erlaſſe: Bekanntmachung,
4994 5290 6205 5359 Richtlinien für Waſſerrohre aus legierten Stählen. — Betriebs⸗
4990 5338 6207 5400 blatt für Fabriken zur Herſtellung von rauchſchwachem Pulver
4988 5385 6204 5447 Anhang: Sondervorſchriften für einzelne Arbeitsſtellen. — Gut⸗
5004 5434 6204 5488 des Ausſchuſſes für Handfeuerlöſcher über die Verwendung von
4969 5463 6206 5538 trachlorkohlenſtoff als Feuerlöſchmittel unter Tage. Vom März
5003 5525 6211 5584 — Anhang II: Ausländiſche Geſetzgebung. Belgien:
4971 5552 6209 5627 niglicher Beſchluß vom 4. März 1930 (Moniteur belge
4982 5600 6211 5668 81), betr. den Arbeiterſchutz in Betrieben zum Emaillieren
4993 5643 6209 5714 Eiſen und Gußeiſen. — Großbritannien: Entwurf
4998 5686 6207 5754 Geſetzes über die Arbeitszeit in gewerblichen Betrieben. —
4989 5734 6204 5803 III. Unfallverhütung, Arbeitsſchutz, Gewerbehygiene:
4964 5768 6204 5847 niges über die Herſtellung des Azetylens und die dabei möglichen
4964 5818 6204 5893 fallgefahren. Von Gewerberat Dipl.⸗Ing. Eduard Sauerbrei,
4957 5863 6207 5935 erlin. — Luftfreiheit und Reinigung des Rohazetylens. Von Pro⸗
4993 5908 6211 5981 DR. J. H. Vogel †, Berlin. — Die neuen Unfallverhütungs⸗
4956 5948 6211 6025 rſchriſten für die Werkſtättenbetriebe der Deutſchen Reichsbahn⸗
4963 5985 6210 6066 ſellchaft. Von Dr. Hans A. Martens, Berlin. — Neues vom
4957 6030 6208 6114 beitsſchutz: Gasentzündung in einem Gasreiniger. Von Gewerberat
4960 6081 6211 6159 atter, Berlin. — Mitteilung: Internationale Hygieneaus⸗
4954 6121 6208 6206 llung 1930 in Dresden. — Bücher⸗ und Zeitſchriftenſchau. —
4989 6178 6203 6246 VI. Bekanntmachungen über Tarifverträge.
4973 6214 6204 6296 zu die Beilage: Weitere Ergebniſſe der Erhebung in der Arbeits⸗
4975 6260 6210 6336 verſicherung und in der Sonderfürſorge bei berufsüblicher Arbeits⸗
4958 6296 5421 6381 gkeit vom 15. März 1929.
6380 823 7638 878 Nr. 20 des Miniſterial⸗Blatts für die Preußiſche
6290 866 7637 920 innere Verwaltung vom 14. Mai 1930 hat folgenden
6289 909 7637 969 Inhalt: Allgem. Verwalt. RdErl. 14. 4. 30, Heranziehung
6288 955 7637 1012 d. Gerichtsvollzieher z. Beitreib. v. Geldbeträgen. — RdErl. 3. 5. 30,
6290 1000 7643 1056 Bezeichnung der Prozeßbevollmächtigten im Verwaltungsſtreit⸗ u.
6290 1044 7636 1098 ⸗beſchlußverfahren. — RdErl. 5. 5. 30, Verluſt des Amts nach § 7
6289 1088 7644 1143 des Diſziplinargeſ. — RdErl. 8. 5. 30, Geſchäftsverteilung bei den
6289 1132 7635 1186 Regierungen uſw. — Kommunalverbände. RdErl. 5. 5. 30,
6291 1176 7635 1231 Verluſt des Amts nach § 7 des Diſziplinargeſ. — RdErl. 12. 4. 30,
6290 1221 7638 1275 Gewerbeſteuerregelung f. 1930. — RdErl. 8. 5. 30, Steuerver⸗
6292 1266 7638 1321 teilungen f. 1930. — RdErl. 9. 5. 30, Ausgleichsbeträge gemäß § 9
6290 1307 7640 1362 Pol.⸗Koſtengeſ. — Gemeindebeſtand⸗ und Ortsnamenänderungen. —
6287 1353 7639 1406 Polizeiverwaltung. RdErl. 5. 5. 30, Ausbild. in der
6290 1400 7637 1453 Signalementslehre. — RdErl. 3. u. 5. 5. 30, Einheitliche Vordrucke
6289 1443 7635 1498 f. ſtaatl. Pol.⸗Verwalt. — RdErl. 5. 5. 30, Zahlung u. Verrechnung d.
6288 1490 7633 1542 perſönlichen Gebührniſſe der zu den Pol.⸗Schulen uſw. abgeordneten Schutz⸗
6287 1534 7634 1587 pol.⸗Beamten, — RdErl. 7. 5. 30, Dienſtvorſchr. f. d. Landjäg. — RdErl.
6290 1579 7632 1629 8. 5. 30, Dienſtaufwandsentſch. d. Krim.⸗Kommiſſ.⸗Anwärter. — RdErl.
7706 835 9065 884 8. 5. 30, Prüfung der Bewerber um den Schutzpol.⸗Dienſt auf
7707 878 9067 926 geiſtige Tauglichkeit. — RdErl. 5. 5. 30, Einziehung d. Koſten f.
7707 923 9062 971 Waffen uſw. bei ſelbſtverſchuldetem Verluſt. — RdErl. 6. 5. 30,
7706 963 9061 1017 Lehrg. f. Pol.⸗Rechnungsreviſoren am Pol.⸗Inſt. Berlin⸗Charlotten⸗
7707 1012 9060 1059 burg. — Paß⸗ u. Fremdenpolizei. RdErl. 9. 5. 30, Ver⸗
7707 1058 9060 1102 einbarungen mit Ungarn über Aufhebung d. Sichtvermerkszwangs u.
7707 1101 9062 1149 die fremdenpol. Behandlung d. beiderſeitigen Staatsangehörigen. —
7706 1145 9059 1191 Kriegsübergangswirtſchaft. RdErl. 7. 5. 30, Krieger⸗
7707 1188 9057 1238 gräberfürſorge. — Verkehrsweſen. 26. 3. 30, Vorſchriften
7706 1234 9058 1281 über Verkehrseinrichtungen. — RdErl. 29. 3. 30, Schutz der
7707 1277 9058 1327 Verkehrszeichen. — Preuß. Verwalt.⸗Anordnungen f. d. Luftfahrt. —
7705 1321 9055 1370 Handſchriftliche Berichtigungen. — Nichtamtlicher
7706 1365 9058 1415 Teil. Pädagogiſche Veranſtaltungen. — Neuerſcheinungen. —
7705 1410 9051 1459 Zu beziehen durch alle Poſtanſtalten. Carl Heymanns Verlag,
7704 1455 9050 1499 Berlin W. 8, Mauerſtr. 44. Vierteljährlich 1,80 RM für Aus⸗
7702 1495 9052 1545 gabe A (zweiſeitig bedruckt) und 2,40 RM für Ausgabe B (einſeitig
7701 1540 7870 1590 bedruckt).
7304 1784 8027 1837 Statiſtik und Volkswirtſchaft.
6369 1853 8974 1908 Getreidepreiſe an deutſchen Börſen und Fruchtmärkten in der Woche vom 5. bis 10. Mai 1930
7393 1928 7943 1974 für 1000 kg in Reichsmark.
6315 2143 6600 2183 Marktorte
6821 2145 7324 2195 Handelsbedingung
7536 2042 7696 2086 *) Notie⸗
7559 2098 7685 2131 rungen
7593 2131 7647 2171 für
7565 2175 7674 2214 Brot⸗
7547 2219 7687 2262 getreide
7596 2285 7651 2311 am
7838 2097 7981 2143 Roggen
8215 2096 8349 2142 Weizen
8612 2094 8731 2138 Gerſte
8911 2148 9017 2193 Hafer
7780 2200 7842 2252 kg
7765 2262 7854 2308 je hl
7954 2253 8057 2305 RM
8158 2197 8231 2249 kg
8133 2256 8255 2311 je hl
8331 2251 8433 2301 RM
8486 2205 8667 2244 Sommer⸗
8502 2256 8669 2306 Brau⸗ †
8693 2203 8843 2248 Winter⸗
8694 2258 8861 2302 Futter⸗ †
6286 2355 6428 2393 Aachen
6648 2346 7501 2403 frei Aachen bei Ladungen von mindeſtens 10 t
7604 2348 7650 2399 8.
7775 2351 7842 2397 —
7935 2345 8033 2396 177,5
8141 2361 8245 2396 75/76
8304 2352 8429 2403 301,3
8501 2353 8622 2400 202,5
8699 2355 8802 2397 202,5
8903 2358 8998 2398 190,0
6288 2393 6463 2440 Bamberg
6648 2394 7457 2448 Großhandelseinkaufspr. ab fränk. Station
7593 2402 7642 2439 6.
7732 2400 7876 2444 71/74
7932 2396 8036 2439 168,0
8142 2397 8245 2438 77/78
8311 2397 8423 2438 285,0
8502 2397 8654 2445 205,0 †
8748 2407 8792 2438 —
8895 2398 8997 2438 172,5
6285 2445 6417 2490 Berlin
6646 2436 6993 2487 ab märk. Station
7539 2439 7687 2488 5. — 10.
7785 2448 7837 2486 72
7928 2448 8034 2487 160,5
8134 2445 8246 2487 76/77
8313 2441 8421 2484 284,0
8504 2448 8656 2486 196,8 †
8708 2446 8845 2485 181,2 ¹)
8893 2438 8997 2485 158,7
6286 2490 6547 2532 Braunſchweig
6645 2489 7086 2533 ab braunſchw. Station
7597 2488 7642 2536 7.
7728 2488 7899 2535 73,2/73,6
7934 2487 8035 2528 165,0
8122 2487 8268 2532 77,6/78
8315 2486 8416 2531 287,5
8503 2486 8624 2526 180,0
8709 2484 8815 2525 172,0
8933 2486 8998 2523 —
6287 2532 6482 2575 Bremen ²)
6645 2532 7287 2577 ab Bremen oder Unterweſerhafen
7538 2536 7687 2579 5. — 10.
7781 2534 7835 2573 —
7938 2528 8037 2576 191,7
8163 2534 8231 2571 —
8336 2530 8437 2565 —
8543 2531 8613 2568 —
8725 2530 8815 2569 —
8892 2525 9000 2573 206,6
6354 2579 6483 2630 „ ²)
6645 2576 7289 2623 cif Bremen, ruſſiſcher Herkunft ³)
7589 2580 7655 2616 —
7784 2566 7835 2617 —
7973 2581 8040 2617 —
8160 2574 8233 2616 —
8350 2567 8420 2618 —
8626 2570 8725 2621 196,7
8936 2584 9000 2614 —
6285 2621 6460 2671 Breslau
6645 2619 7499 2667 frachtfrei Breslau in vollen Waggonladungen
7541 2620 7687 2665 5. — 10.
7778 2615 7860 2667 71,2
7937 2620 8036 2663 159,5
8160 2626 8238 2663 74,5
8313 2620 8416 2662 275,8
8499 2621 8666 2663 187,5 † ⁴)
8697 2624 8804 2660 170,0
8893 2621 8999 2659 152,8
6285 2668 6458 2708 Chemnitz
6645 2664 7500 2711 frei Chemnitz in Ladungen von 200 — 300 Ztrn.
7600 2666 7644 2707 7.
7791 2664 7874 2707 72 ⁵)
7940 2663 8078 2707 174,5 ⁶)
8171 2663 8216 2707 76
8318 2662 8417 2706 293,5
8501 2663 8652 2706 215,0
8700 2662 8811 2710 192,5
8893 2659 9000 2706 177,5
6284 2709 6493 2758 Dortmund
6649 2707 7505 2759 Großhandelsverkaufspr. waggonfrei Dortmund
6694 2755 7137 2801 in Ladungen von 15 t
7603 2747 7647 2795 8.
7785 2741 7841 2791 —
7941 2753 8081 2793 176,0 ⁷)
8168 2739 8222 2790 —
8322 2756 8466 2802 301,3 ⁷)
8544 2735 8614 2787 —
8748 2746 8807 2789 —
8892 2743 9058 2794 188,8 ⁷) ⁸)
6285 2804 6451 2841 Dresden
6641 2800 7504 2846 waggonfrei ſächſ. Verſandſt. b. Bez. v. mind. 10 t
7568 2797 7668 2841 5. 9.
7792 2803 7833 2839 73
7933 2801 8076 2841 166,0
8172 2802 8216 2838 77
8316 2796 8428 2839 287,5
8507 2790 8616 2837 210,0
8701 2789 8842 2836 173,0 †
8899 2796 9010 2836 167,5
6284 2847 6473 2892 Duisburg
6644 2844 7105 2893 frei Waggon Duisburg
7588 2843 7673 2882 —
7780 2843 7843 2881 —
7971 2841 8038 2881 —
8163 2842 8224 2879 —
8358 2846 8412 2877 —
8555 2840 8612 2877 —
8745 2849 8803 2874 —
8895 2836 9046 2878 215,0 ⁹)
6286 2893 6411 2935 Erfurt
6649 2888 7503 2937 ab thüring. Vollbahnſtation bei Abnahme
6692 2932 7100 2979 von mindeſtens 15 t
7607 2923 7663 2973 8.
7793 2935 7836 2971 72
7943 2933 8038 2971 163,5
8174 2933 8219 2969 76
8324 2932 8423 2969 269,0
8515 2931 8652 2968 205,0 †
8713 2930 8810 2967 180,0
8909 2929 9006 2966 170,0
6285 2979 6608 3022 Frankfurt a. M.
6645 2978 7418 3024 Frachtlage Frankfurt a. M. ohne Sack
7572 2974 7681 3020 5. 7.
7793 2980 7836 3015 72
7939 2971 8040 3014 184,6
8174 2978 8219 3013 78
8318 2969 8423 3013 305,0
8516 2968 8653 3012 206,3 †
8748 2967 8806 3008 —
8901 2966 9003 3010 188,1
6282 3018 6383 3069 Gera
6641 3019 7147 3069 ab oſtthür. Verladeſtation
7607 3025 7659 3061 10.
7794 3023 7837 3059 72
7938 3014 8041 3060 162,0
8175 3022 8220 3057 76
8319 3013 8423 3059 280,0
8510 3012 8645 3059 202,5
8748 3001 8804 3051 —
8899 3010 9005 3057 173,5
6285 3071 6448 3110 Gleiwitz
6643 3065 7091 3112 ab Gleiwitz ohne Sack
7569 3063 7670 3105 6. 9.
7783 3068 7860 3104 71,2
7937 3060 8041 3103 155,0
8154 3061 8242 3102 74,5
8316 3059 8424 3102 272,0
8503 3059 8673 3101 190,0 † ¹⁰)
8708 3059 8866 3100 175,0 ¹¹)
8898 3057 9005 3099 145,0
6283 3115 6391 3160 Halle
6643 3107 7497 3159 netto frei Halle bei Abnahme v. mindeſtens 15 t
7558 3107 7681 3152 6. 10.
7794 3104 7835 3149 71
7936 3103 8043 3150 177,0
8139 3102 8250 3148 75/76
8320 3102 8422 3147 289,5
8503 3101 8669 3146 205,0 †
8708 3100 8862 3145 182,5 †
8898 3099 9006 3144 180,0
6282 3160 6460 3206 Hamburg
6645 3155 7016 3207 frachtfrei Hamburg
7548 3153 7692 3197 5. — 10.
7757 3152 7867 3195 72/73
7934 3150 8043 3194 172,4
8171 3159 8234 3187 —
8321 3147 8439 3191 297,3
8504 3146 8644 3190 194,7
8701 3150 8845 3183 —
8909 3144 9017 3187 181,2
6371 3206 6395 3257 „
6646 3202 7376 3251 cif Hamburg, nordamerik. Herkunft ¹²)
7549 3198 7693 3241 5. — 10.
7787 3201 7842 3235 —
7979 3198 8043 3231 —
8171 3194 8233 3231 —
8320 3191 8484 3240 189,8 ¹³)
8547 3195 8628 3232 —
8740 3189 8817 3237 —
8922 3191 9014 3229 —
6374 3251 6394 3301 „
6651 3247 7376 3295 „ „ ſüdamerik. „ ¹²)
7546 3242 7692 3284 5. — 10.
7787 3227 7843 3280 —
7986 3238 8032 3277 —
8169 3236 8227 3277 —
8320 3236 8484 3285 175, ¹⁴)
8614 3238 8749 3283 90,4 ¹⁵)
8914 3236 9050 3280 86,1 ¹⁵)
6281 3294 6467 3336 Hannover
6645 3292 7147 3335 ab hannoverſcher Station
7609 3285 7661 3328 6.
7778 3285 7878 3325 73,2
7942 3282 8046 3324 172,0
8161 3281 8250 3327 77,2
8323 3280 8428 3321 294,0
8545 3287 8624 3315 —
8735 3286 8820 3313 —
8898 3280 9018 3316 177,5
6280 3337 6473 3376 Karlsruhe
6644 3329 7500 3381 waggonweiſe Frachtlage Karlsruhe ohne Sack
7614 3331 7657 3373 7.
7788 3335 7847 3367 —
7946 3324 8047 3370 190,0
8170 3329 8236 3367 —
8321 3321 8428 3368 312,5
8514 3321 8656 3367 228,8 †
8699 3318 8874 3367 188,8 † ¹⁶)
8906 3317 9008 3366 190,0
6283 3380 6405 3427 Kaſſel
6644 3379 7203 3430 Frachtlage Kaſſel ohne Sack
7613 3375 7661 3415 7.
7799 3377 7842 3413 72
7945 3370 8049 3412 175,0
8147 3370 8256 3411 76/77
8322 3368 8430 3410 295,0
8517 3374 8648 3409 205,0
8704 3367 8813 3408 195,0
8905 3367 9008 3407 182,5
6281 3426 6373 3467 Kiel
6646 3416 7502 3471 ab holſt. Station bei waggonweiſem Bezug
7610 3424 7663 3459 10.
7765 3415 7874 3459 72/73
7945 3412 8050 3458 170,0
8149 3411 8258 3457 78/79
8327 3410 8431 3455 290,0
8512 3409 8677 3454 205,0 ¹⁷)
8754 3414 8813 3449 —
8906 3407 9011 3452 170,0
6279 3465 6379 3515 Köln
6647 3468 6963 3518 Frachtlage Köln
7577 3463 7674 3503 6. 9.
7771 3460 7877 3502 71/72
7948 3458 8059 3500 176,9
8151 3458 8261 3499 75/76
8330 3457 8432 3498 300,6
8516 3454 8632 3496 205,0
8712 3454 8817 3495 193,8
8906 3452 9012 3494 180,0
6281 3516 6610 3561 Königsberg i. Pr.
6642 3508 6954 3561 loco Königsberg
7559 3507 7702 3549 5. — 10.
7796 3503 7858 3545 —
7952 3501 8052 3545 159,2
8178 3508 8239 3538 —
8369 3502 8436 3538 —
8519 3497 8626 3540 172,3
8753 3503 8807 3537 —
8903 3494 9065 3537 161,3 ¹⁸)
6280 3556 6428 3603 Krefeld
6641 3556 7108 3605 ab niederrhein. Station
7616 3550 7666 3594 7.
7794 3552 7853 3588 —
7948 3546 8052 3593 175,0
8157 3550 8261 3589 75/76
8326 3544 8432 3586 295,0
8556 3544 8623 3581 —
8756 3539 8809 3578 —
8903 3536 9013 3583 180,0
6280 3605 6421 3648 Leipzig
6640 3601 7127 3649 prompt frachtfrei Leipzig
7564 3592 7692 3635 6. 10.
7755 3596 7899 3637 72/73
7952 3592 8105 3637 171,5 ¹⁹)
8155 3589 8259 3633 76/77
8327 3586 8431 3628 286,0
8510 3586 8625 3627 201,0
8714 3585 8814 3624 182,5
8905 3583 9012 3623 174,0
6279 3647 6428 3695 Liegnitz
6640 3648 6842 3690 ab Liegnitz
7583 3644 7671 3679 6. 8.
7774 3639 7898 3684 71,2
7927 3638 8079 3685 152,0
8171 3633 8249 3680 74,5
8332 3629 8428 3680 266,5
8514 3626 8677 3683 187,5 † ²⁰)
8719 3625 8816 3677 165,0
8915 3633 9012 3677 149,0
6286 3691 6509 3743 Magdeburg
6644 3688 7494 3734 netto ab Stationen des Magdeburger Be⸗
6691 3735 7199 3782 zirks bei Waggonladungen
7582 3730 7669 3768 6. 9.
7768 3728 7869 3771 73/74
7949 3726 8046 3769 166,0
8141 3715 8254 3767 77/78
8330 3725 8425 3765 290,5
8518 3722 8623 3763 205,0
8719 3722 8813 3762 180,0
8913 3720 9009 3760 172,5
6280 3785 6409 3828 Mainz
6645 3777 7353 3824 Großhandelseinſtandspr. loco Mainz
7617 3775 7649 3812 9.
7788 3770 7854 3811 —
7944 3770 8045 3815 176,3
8174 3769 8233 3805 —
8324 3767 8426 3812 303,8
8511 3769 8655 3805 —
8703 3767 8856 3805 177,5 †
8906 3760 9010 3808 175,0
6280 3828 6492 3868 Mannheim
6640 3822 7305 3871 waggonfrei Mannheim ohne Sack
7573 3819 7690 3863 5. 8.
7794 3804 7852 3854 —
7946 3815 8044 3862 183,1
8171 3816 8236 3850 —
8325 3813 8427 3861 310,0
8512 3810 8654 3860 230,0 †
8702 3809 8857 3860 183,8 †
8912 3808 9008 3852 186,9
6281 3866 6460 3916 München
6646 3864 7505 3912 Großhandelseinkaufspreiſe waggonweiſe ab
6690 3913 7163 3958 ſüdbayer. Verladeſtation
7575 3906 7684 3944 7. 10.
7793 3888 7856 3938 —
7952 3903 8048 3943 167,0
8175 3886 8236 3936 —
8330 3902 8427 3940 280,2
8521 3898 8657 3939 201,5 †
8748 3881 8807 3933 —
8910 3895 9007 3935 161,7
6280 3961 6462 4004 Nürnberg
6645 3952 7499 4001 Großhandelseinkfspr. ab nordbayer. Station
7615 3949 7662 3990 8.
7796 3953 7848 3983 —
7947 3943 8049 3985 170,0
8174 3941 8241 3980 —
8328 3940 8439 3982 278,5
8510 3939 8657 3981 208,0 †
8737 3941 8820 3974 —
8911 3935 9006 3978 158,5
6280 4003 6420 4053 Plauen
6642 3990 7507 4052 Großhandelspr. waggonfr. ab vogtl. Stat.; fein
7612 3996 7664 4043 10.
7800 3993 7842 4040 73
7946 3985 8049 4037 165,0
8184 3990 8227 4035 78
8327 3983 8429 4033 280,0
8509 3981 8660 4031 210,0 †
8703 3981 8848 4029 190,0 †
8911 3978 9008 4026 170,0
6349 4059 6367 4094 „
6778 4045 7508 4094 „ „ „ „ „ mittel
7613 4043 7663 4076 10.
7800 4040 7842 4074 71
7936 4037 8057 4072 160,0
8183 4036 8230 4070 74
8328 4032 8443 4071 270,0
8509 4032 8658 4070 200,0 †
8706 4027 8856 4068 180,0 †
8912 4027 9007 4066 165,0
6280 4096 6429 4137 Stettin
6641 4085 7244 4137 waggonfrei Stettin ohne Sack
7550 4080 7697 4126 5. — 10.
7757 4075 7885 4125 73/74
7952 4073 8105 4123 161,5 ²¹)
8184 4079 8228 4114 78
8318 4071 8494 4122 293,5 ²¹)
8517 4075 8661 4115 —
8700 4067 8868 4120 180,3 ¹)
8912 4066 9068 4120 166,8 ²²)
6280 4141 6472 4179 Stuttgart
6642 4130 7506 4179 Großhandelspr. waggonw. ab württbg. Station
7614 4125 7661 4165 5.
7785 4126 7852 4161 —
7942 4124 8067 4169 195,0
8182 4130 8236 4161 —
8323 4122 8445 4166 297,5
8515 4121 8637 4163 220,0
8749 4123 8808 4155 —
8912 4119 9008 4155 175,0
6281 4183 6429 4227 Worms
6639 4179 6968 4225 bahnfrei Worms
7608 4164 7666 4215 9.
7782 4160 7864 4212 —
7945 4164 8048 4218 178,8
8170 4157 8245 4212 —
8319 4164 8443 4211 305,0
8541 4165 8644 4209 —
8711 4156 8861 4216 185,0 †
8914 4155 9009 4206 182,5
6280 4227 6472 4274 Würzburg
6644 4220 7505 4271 Großhandelseinkaufspreiſe waggonweiſe ab
6689 4271 6974 4316 fränk. Station
7572 4261 7683 4298 6. 10.
7769 4259 7872 4304 71/72
7950 4257 8047 4302 166,0
8146 4246 8255 4300 76/78
8332 4255 8430 4297 290,0
8519 4244 8659 4297 212,5 †
8736 4246 8830 4295 —
8914 4250 9009 4293 168,2
6496 4360 9063 4423 Anmerkungen: *) Wo mehrere Angaben vorlagen, ſind aus dieſen Durchſchnitte gebildet worden. — ¹) Futter⸗ und Induſtrie⸗
6278 4406 9069 4479 gerſte. — ²) Angebotspreiſe. — ³) Verzollt. — ⁴) Gute; mittlere Sommergerſte 180,0. — ⁵) Auch für Sandroggen. — ⁶) Sandroggen 183,5. —
6272 4448 9068 4519 ⁷) Weſtfäliſcher. — ⁸) Oſtfrieſiſcher 210,0. — ⁹) Pommerſcher; Oſtpreußiſcher 210,0. — ¹⁰) Gute, feinſte 200,0. — ¹¹) Induſtriegerſte. —
6278 4492 9062 4563 ¹²) Unverzollt; Notierungen für den laufenden Monat (Abladung im Verſchiffungshafen). — ¹³) Manitoba I. — ¹⁴) Roſafé. — ¹⁵) La
6277 4537 9061 4607 Plata. — ¹⁶) Geringere (Sortier⸗) Gerſte. — ¹⁷) Braugerſte 215,0. — ¹⁸) Feiner 168,7. — ¹⁹) Sandroggen 172,5. — ²⁰) I. Qualität;
6278 4591 7587 4652 II. Qualität 177,5. — ²¹) Pomm.⸗märkiſcher. — ²²) Pommerſcher.
6416 4670 6947 4713 Berlin, den 14. Mai 1930.
7897 4648 8857 4698 Statiſtiſches Reichsamt. J. V.: Dr. Platzer.
6605 4848 8745 4915 Kartoffelpreiſe in deutſchen Städten in der Woche vom 5. bis 10. Mai 1930.
6373 5038 6605 5083 Städte ¹)
6914 5030 7418 5078 Handelsbedingung
7698 4969 7936 5014 Wöchentliche
7690 5015 7922 5059 Notierungen
8262 4961 8566 5006 Speiſekartoffeln
8242 5008 8575 5051 RM für 50 kg
8866 4946 8999 4991 Fabrik⸗
8847 4990 9022 5033 kartoffeln
8795 5035 9068 5078 RM für 50 kg
8803 5080 9064 5124 je Stärkeproz.
7659 5085 7749 5145 Zahl
7841 5089 7938 5135 am ²)
8038 5083 8140 5131 weiße
8252 5088 8324 5124 rote
8442 5083 8534 5129 gelbe
8617 5078 8759 5126 ſonſtige
6280 5214 6483 5261 Berlin † †)
6728 5205 7532 5255 Erzeugerpreiſe waggonfrei märk. Station
7687 5194 7718 5245 2
7849 5202 7943 5242 5. 8.
8057 5191 8137 5241 1,35
8249 5190 8331 5243 1,50
8455 5196 8536 5235 2,50
8675 5189 8721 5239 —
8903 5190 8979 5230 0,07
6278 5261 6469 5306 Bonn † †)
6722 5252 7361 5298 Erzeugerpreiſe ab Verladeſtation
7691 5240 7717 5291 1
7873 5246 7912 5287 6.
8071 5247 8117 5285 —
8261 5250 8313 5281 —
8451 5236 8578 5281 3,00 ³)
8675 5236 8723 5287 —
8914 5240 8964 5275 —
6278 5304 6494 5350 Breslau †)
6721 5297 7374 5348 Erzeugerpreiſe ab Erzeugerſtation
7690 5284 7721 5335 2
7851 5291 7942 5327 5. 8.
8054 5284 8139 5330 1,10
8250 5280 8333 5330 1,20
8458 5279 8538 5327 1,70
8678 5277 8724 5328 —
8892 5272 8972 5322 0,05
6278 5348 6668 5398 Frankfurt a. M. † †)
6724 5339 7611 5394 Großhandelspr. Frachtlage Frankfurt a. M.
6770 5388 7114 5437 bei Waggonbezug
7693 5373 7716 5423 1
7872 5377 7909 5420 5.
8071 5369 8119 5420 —
8265 5370 8312 5420 —
8457 5370 8579 5415 3,05 ³)
8677 5367 8720 5417 —
8918 5358 8959 5409 —
6279 5440 6461 5484 Hamburg
6725 5431 7460 5480 Großhandelspreiſe ab Vollbahnſtation
7672 5429 7734 5461 —
7814 5421 7958 5462 5. — 10.
8072 5417 8119 5467 —
8264 5413 8314 5463 —
8457 5414 8579 5458 2,55 ³)
8676 5412 8723 5463 —
8913 5403 8962 5454 —
6277 5481 6516 5530 Karlsruhe †)
6720 5474 7389 5526 waggonweiſe Frachtlage Karlsruhe
7693 5462 7717 5512 1
7872 5465 7912 5508 7.
8059 5465 8138 5509 2,00
8264 5460 8315 5510 —
8458 5457 8544 5504 2,75
8679 5453 8721 5503 —
8915 5446 8962 5496 —
6276 5530 6360 5573 Kiel
6724 5520 7604 5570 Erzeugerpreiſe ab holſteiniſcher Station bei
6767 5564 7183 5613 waggonweiſem Bezug
7693 5551 7719 5602 1
7866 5556 7921 5592 10.
8072 5550 8118 5601 —
8267 5548 8313 5598 —
8458 5547 8579 5591 2,30 ³)
8652 5537 8772 5588 3,70 ⁴)
8914 5534 8957 5584 —
6275 5614 6426 5666 Köln †)
6720 5601 7612 5655 Kölner Großhändlerverkaufspr. waggonfr. Köln
7691 5595 7721 5646 2
7853 5601 7945 5637 6. 9.
8076 5589 8120 5639 —
8268 5594 8316 5645 —
8453 5590 8580 5631 3,35 ⁵)
8678 5593 8725 5634 —
8908 5590 8959 5630 —
6276 5655 6489 5710 Liegnitz † †)
6718 5649 6926 5701 ab Liegnitz
7692 5638 7735 5690 2
7854 5645 7945 5681 6. 8.
8064 5633 8150 5686 1,40
8268 5640 8313 5690 —
8458 5632 8547 5677 1,70
8677 5629 8720 5679 —
8911 5630 8957 5671 —
6276 5706 6458 5749 München
6722 5695 7337 5746 Erzeugerpreiſe frei Bahnſtation
7690 5684 7721 5735 1
7866 5689 7921 5726 10.
8059 5677 8143 5729 2,40
8265 5691 8326 5735 —
8458 5677 8538 5721 2,40
8673 5671 8720 5722 —
8892 5669 9010 5715 1,50 ⁶)
6276 5746 6466 5793 Nürnberg
6723 5738 7336 5792 Erzeugerpreiſe frei Bahnſtation
7690 5727 7720 5778 1
7875 5725 7913 5775 8.
8064 5731 8145 5773 1,75
8266 5735 8313 5763 —
8458 5721 8536 5764 2,15
8675 5716 8719 5766 —
8910 5722 8957 5762 —
6277 5792 6466 5841 Plauen †)
6724 5776 7634 5836 Großhandelspr. waggonfrei ab vogtl. Station
7694 5774 7718 5824 1
7868 5779 7924 5818 10.
8061 5767 8143 5819 3,00
8255 5763 8337 5815 3,00
8458 5769 8537 5805 3,50
8674 5762 8719 5812 —
8911 5765 8957 5804 —
6276 5841 6473 5886 Stettin †)
6723 5822 7619 5885 Erzeugerpreiſe frei Waggon Reichsbahnſtation
7693 5816 7719 5866 2
7855 5822 7947 5861 6. 9.
8062 5813 8143 5864 1,35
8254 5815 8342 5861 1,50
8459 5810 8578 5855 1,93 ⁷)
8674 5804 8721 5855 —
8911 5797 8959 5847 —
6276 5886 6426 5927 Worms
6719 5879 7039 5921 bahnfrei Worms
7693 5862 7720 5912 1
7877 5858 7916 5908 9.
8073 5872 8127 5907 —
8266 5863 8313 5900 —
8457 5855 8541 5899 2,63
8672 5851 8721 5901 —
8914 5857 8960 5895 —
6278 5930 6470 5972 Würzburg
6719 5919 7342 5970 Erzeugerpreiſe frei Bahnſtation
7693 5907 7721 5957 2
7831 5904 7950 5955 6. 10.
8061 5901 8142 5952 1,55
8255 5898 8336 5949 1,55
8457 5900 8536 5946 1,95
8674 5891 8719 5941 —
8913 5888 8958 5938 —
6487 6002 9067 6080 ¹) An den mit † bezeichneten Märkten amtliche Börſennotierungen; an den mit †† bezeichneten Märkten amtliche Notierungen
6280 6053 9067 6124 der Landwirtſchaftskammer, der Handelskammer oder des Magiſtrats; an den übrigen Märkten nichtamtliche Preisfeſtſtellungen (Notierungen
6278 6095 9074 6171 oder durch Umfrage). — ²) Wo mehrere Angaben vorlagen, ſind aus dieſen Durchſchnitte gebildet worden. — ³) Induſtrie. — ⁴) Bunt⸗
6280 6149 8572 6213 köpfige. — ⁵) Rheiniſche Induſtrie. — ⁶) Brennereikartoffeln, Preis für 50 kg. — ⁷) Gelbfleiſchige Induſtrie 2,18.
6414 6234 6947 6282 Berlin, den 14. Mai 1930.
7889 6214 8864 6268 Statiſtiſches Reichsamt. J. V.: Dr. Platzer.
