9512 7688
1707 403 3218 454 Reichs⸗ und Staatsanzeiger Nr. 1 vom 3. Januar 1938. S. 2.
379 546 1714 601 Korvettenkapitän Günther Schubert, Offizierkreuz des
532 598 1211 648 Ordens der Krone von Italien.
377 644 1712 699 Legationsrat Dr. Hans Emil Schumburg, Offizierkreuz
537 697 1713 748 des Königlich Italieniſchen St. Mauritius⸗ und
537 747 881 794 Lazarus⸗Ordens.
377 793 1711 850 Generalmajor Ernſt Seifert, Großoffizierkreuz des Ordens
538 847 1032 897 der Krone von Italien.
375 893 1710 949 Hauptmann Erich von Selle, Ritterkreuz des Ordens der
533 946 943 995 Krone von Italien.
372 993 1708 1049 Kraftwagenführer Fritz Spors, Berlin, Königlich Bulga⸗
533 1045 1236 1095 riſche Silberne Verdienſtmedaille.
371 1093 1704 1148 Kapitän zur See Werner Steffan, Komturkreuz 2. Klaſſe
526 1145 1486 1197 des Ordens der Weißen Roſe von Finnland.
373 1193 1706 1247 Major (E) Konrad von Steinhäuſer, Offizierkreuz des
528 1244 1197 1295 Ordens der Krone von Italien.
369 1292 1703 1346 Oberregierungsrat Werner Stephan, Komturkreuz des
528 1343 1197 1395 Ordens der Krone von Italien.
369 1391 1700 1444 Legationsrat Dr. Rudolf Graf Strachwitz, Kaiſerlich
520 1443 1596 1494 Japaniſcher Orden des Heiligen Schatzes 3. Klaſſe.
368 1491 1701 1544 Generalleutnant Hans Jürgen Stumpff, Großoffizierkreuz
527 1542 1700 1593 des Königlich Italieniſchen St. Mauritius⸗ und Laza⸗
526 1593 776 1632 rus⸗Ordens.
525 1641 1699 1692 Großbritanniſche Erinnerungsdenkmünze aus Anlaß
518 1692 1699 1741 der Krönung König Georgs VI. und der Königin
525 1740 725 1789 Eliſabeth.
364 1789 1697 1840 Bürgermeiſter Dr. Karl Tempel, München, Komturkreuz
524 1840 1288 1890 des Ordens der Krone von Italien.
363 1888 1696 1939 Techniſcher Telegrapheninſpektor Kurt Tſchache, Berlin,
517 1939 1529 1989 Ritterkreuz des Ordens der Krone von Italien.
361 1986 1695 2039 Regierungsvizepräſident Dr. Friedrich Vogeler, Saar⸗
520 2039 1695 2088 brücken, Offizierkreuz des Großherzoglich Luxembur⸗
522 2088 1180 2136 giſchen Ordens der Eichenkrone.
361 2137 1694 2187 Korvettenkapitän Gerhard Wagner, Offizierkreuz des
521 2188 1204 2238 Ordens der Krone von Italien.
360 2235 1692 2287 Bankdirektor Dr. Kurt Weigelt, Berlin, Komturkreuz des
520 2287 1181 2336 Ordens der Krone von Italien.
358 2335 1692 2386 Oberſt Dr. Eugen Weißmann, Orden der Jugoſlawiſchen
519 2386 852 2436 Krone 3. Klaſſe.
358 2434 1694 2485 Miniſterialdirektor Ernſt Freiherr von Weizſäcker,
516 2483 1691 2536 Kreuz 1. Klaſſe des Königlich Ungariſchen Verdienſt⸗
518 2535 670 2574 ordens.
357 2583 1690 2634 Flugkapitän bei der Deutſchen Lufthanſa Heinrich Wenig,
516 2634 1690 2684 Berlin, Offizierkreuz des Ordens der Krone von
515 2684 749 2724 Rumänien.
515 2732 1537 2782 Ritterkreuz des Ordens der Krone von Italien.
357 2780 1691 2832 Generalmajor Rudolf Wenninger, Kaiſerlich Japaniſcher
515 2832 1374 2882 Orden der Aufgehenden Sonne 3. Klaſſe.
355 2879 1692 2933 Oberſtleutnant Friedrich Wilhelm Wichard, Ritterkreuz
514 2933 1263 2982 des Ordens der Krone von Italien.
354 2981 1690 3033 Miniſterialdirektor Richard Wienſtein, Komturkreuz mit
512 3030 1685 3080 dem Stern des Königlich Ungariſchen Verdienſtordens.
371 3080 1687 3132 Obertelegrapheninſpektor Karl Wilberg, Ritterkreuz des
506 3132 1165 3180 Ordens der Krone von Italien.
393 3178 1686 3232 eferent Dr. Friedrich Willis, Offizierkreuz des Königlich
509 3229 1608 3284 Italieniſchen St. Mauritius⸗ und Lazarus⸗Ordens.
396 3276 1688 3331 eneral der Flieger. Bodo von Witzendorff, Groß⸗
510 3329 1536 3381 offizierkreuz des Ordens der Krone von Italien.
398 3377 1690 3430 ortragender Legationsrat Guſtav Wolf, Stern zum
512 3425 1688 3481 Komturkreuz des Königlich Ungariſchen Verdienſt⸗
514 3483 667 3520 ordens.
357 3526 1687 3582 Miniſterialrat Guſtav Adolf von Wulffen, Großoffizier⸗
514 3578 1423 3632 kreuz des Ordens der Krone von Italien.
349 3628 1686 3683 Oberſt a. D. Rudolf Ritter von Xylander, Komturkreuz
511 3679 1258 3728 des Ordens der Krone von Italien.
350 3726 1686 3783 Geſandter Dr. Julius Graf von Zech⸗Burkersroda,
511 3776 1685 3830 Großkreuz des Königlich Niederländiſchen Ordens von
504 3832 848 3880 Oranien⸗Naſſau.
350 3875 1685 3934 Flugkapitän bei der Deutſchen Lufthanſa A. G. Hans Zy⸗
509 3925 1685 3979 wina, Orden der Jugoſlawiſchen Krone 5. Klaſſe.
347 4067 1688 4146 Bekanntmachung über den Londoner Goldpreis
347 4154 1690 4209 gemäß § 1 der Verordnung vom 10. Oktober 1931 zur
345 4205 1688 4258 Aenderung der Wertberechnung von Hypotheken und
346 4254 1690 4310 ſonſtigen Anſprüchen, die auf Feingold (Goldmark)
645 4307 1400 4357 lauten (Reichsgeſetzbl. I S. 569).
395 4366 1447 4418 Der Londoner Goldpreis beträgt am 3. Januar 1938
488 4410 1638 4462 für eine Unze Feingold = 139 sh 5 d,
487 4458 1369 4505 in deutſche Währung nach dem Berliner Mittel⸗
558 4502 1372 4549 kurs für ein engliſches Pfund vom 3. Ja⸗
558 4540 1650 4594 nuar 1938 mit RM 12,435 umgerechnet = RM 86,6823
486 4589 1685 4640 für ein Gramm Feingold demnach = pence 53,7882,
485 4633 1660 4685 in deutſche Währung umgerechnet = RM 2,78690.
459 4707 1064 4757 Berlin, den 3. Januar 1938.
620 4770 1430 4826 Statiſtiſche Abteilung der Reichsbank.
858 4835 1177 4878 Reinhardt.
772 4972 1258 5025 Bekanntmachung,
352 5033 1686 5092 betreffend Ungültigkeitserklärung von Sprengſtofferlaubnis⸗
934 5089 1104 5141 ſcheinen.
459 5158 1686 5212 Die in der nachſtehenden Zuſammenſtellung aufgeführten
352 5208 1579 5261 Sprengſtofferlaubnisſcheine werden für ungültig erklärt:
410 5395 886 5438 Name und Wohnort des
572 5436 746 5488 Inhabers
1031 5316 1171 5362 Muſter,
1062 5360 1137 5405 Nr.,
1017 5404 1191 5449 Jahr der
998 5449 1209 5495 Ausſtellung
1371 5315 1552 5358 Ausſteller
1282 5360 1669 5399 GR. = Gewerberat
1282 5405 1665 5451 BR. = Bergrevier⸗
1371 5450 1523 5486 beamter
1193 5515 1445 5557 des Scheines
643 5598 663 5631 1
1090 5595 1114 5630 2
1451 5595 1473 5631 3
351 5697 924 5739 Abendroth, Hermann, Görlitz,
397 5742 774 5784 Jauernicker Str. 32
991 5740 1205 5778 A 880/1937
1284 5738 1512 5781 GR. Görlitz
353 5786 924 5829 Böhling, Andreas, Wellerode,
398 5830 591 5875 Kr. Kaſſel
992 5830 1205 5868 B 12/1929
1283 5827 1500 5870 GR. Kaſſel
353 5875 925 5918 Boriſch, F., Zeipau, Kreis
400 5919 582 5963 Sprottau
992 5919 1203 5957 B 3/1937
1283 5915 1529 5961 GR. Glogau
349 5962 786 6008 Eckhardt, H., Löhnberg
990 5962 1205 6001 B 35/1935
1283 5961 1529 6006 GR. Wetzlar
351 6008 924 6052 Ehemann, Rudolf, Goldberg
400 6051 826 6097 (Schleſien), Obertor 5
990 6051 1205 6092 B 4/1936
1282 6050 1622 6098 BR. Waldenburg
446 6097 570 6141 Desgl.
992 6095 1207 6135 C 5/1936
1323 6096 1434 6141 desgl.
348 6140 884 6183 Fritzen, Johann, Neumagen
989 6141 1205 6180 A 93/1937
1281 6140 1488 6179 GR. Trier
352 6185 926 6229 Geldmacher, Albert, Eſſen⸗
398 6229 526 6267 Steele
993 6229 1202 6268 C 3/1937
1282 6228 1542 6273 BR. Bochum
350 6274 818 6320 Hochhäusler, H., Wetzlar
991 6273 1205 6314 B 37/1937
1281 6274 1528 6316 GR. Wetzlar
350 6318 924 6363 Hoff, Nikolaus, Peffingen,
399 6362 630 6408 Kr. Bitburg
994 6362 1204 6399 B 37/1936
1280 6362 1488 6400 GR. Trier
351 6405 813 6454 Horſt, Paul, Herbede⸗R.
991 6405 1203 6446 B 4/1929
1281 6407 1517 6444 BR. Witten
397 6451 526 6496 Desgl.
995 6450 1203 6489 C. 5/1929
1322 6451 1431 6498 desgl.
349 6494 925 6540 Iſenberg, Artur, Neunkirchen,
400 6540 617 6584 Kr. Siegen
990 6537 1203 6578 A 3/1937
1281 6539 1517 6583 BR. Aachen
1850 660 2349 703 Name und Wohnort des
2003 705 2191 748 Inhabers
2497 585 2638 629 Muſter,
2530 629 2605 672 Nr.,
2481 673 2656 716 Jahr der
2460 717 2677 763 Ausſtellung
2839 585 3026 626 Ausſteller
2754 629 3128 665 GR. = Gewerberat
2752 672 3129 717 BR. = Bergrevier⸗
2863 719 3020 754 beamter
2658 784 2911 827 des Scheines
2091 860 2113 895 1
2557 860 2583 895 2
2918 860 2941 895 3
1782 958 2385 1003 Janſſen, P., Lawaldau, Kreis
1832 1005 2182 1048 Grünberg (Schl.)
2452 1005 2670 1046 A 13/1937
2752 1004 2998 1048 GR. Glogau
1784 1049 2383 1092 Kipping, Clemens, Brachbach
1832 1092 1956 1139 (Sieg)
2451 1093 2673 1134 B 109/1935
2751 1092 3022 1129 GR. Neuwied
1783 1136 2386 1180 Kürbis, Erich, Berlin⸗Johan⸗
1826 1182 2326 1224 nisthal, Südoſt⸗Allee 191
2451 1182 2672 1220 A 12/1936
2750 1181 3061 1227 GR. Neuruppin
1782 1226 2200 1270 Litz, R., Freirachdorf
2454 1223 2672 1265 C 15/1937
2747 1225 3021 1272 GR. Limburg
1779 1269 2342 1315 Mereien, Franz, Neidenbach
2449 1270 2674 1311 B 10/1932
2748 1269 2955 1307 GR. Trier
1778 1311 2352 1358 Micklinghoff, Franz, Herbern
2450 1314 2670 1353 B 1/1935
2747 1314 2985 1357 BR. Hamm
1778 1359 2380 1402 Mühlenbein, Richard, Neuhof,
1824 1401 2019 1446 Kr. Fulda
2449 1402 2670 1443 B 1/1934
2748 1403 3110 1447 BR. Schmalkalden
1776 1442 2353 1492 Müller, Berthold, Siershahn
2449 1446 2669 1488 B 3/1935
2746 1445 2940 1492 BR. Diez
1776 1490 2379 1536 Müller, Oskar, Wiebelskirchen,
1825 1535 2091 1572 Kr. Ottweiler
2451 1537 2667 1577 C 108/1936
2747 1536 3082 1572 GR. Saarbrücken
1779 1580 2278 1622 Plitt, Joſef, Weſtherbede
2448 1579 2669 1619 B 9/1936
2746 1579 2984 1618 BR. Witten
1777 1624 2235 1668 Sachtleben, H., Goslar
2448 1623 2669 1665 B 3/1935
2746 1624 2988 1663 BR. Goslar
1778 1669 2377 1713 Schmitz, Peter, Herringen,
1824 1713 2064 1757 Schachtſtr. 2
2448 1714 2667 1752 B 1/1928
2747 1714 2984 1757 BR. Hamm
1780 1757 2378 1802 Schuler, Johann Nikolaus,
1824 1802 2274 1846 Palzem, Kr. Saarburg
2447 1804 2666 1843 B 47/1927
2745 1803 2950 1839 GR. Trier
1775 1846 2396 1892 Siebert, Willi, Siegburg (Sieg⸗
1820 1890 1922 1932 kreis)
2445 1892 2663 1930 B 28/1937
2746 1891 2959 1927 GR. Bonn
1774 1936 2376 1980 Waskönig, Auguſt, Bochum⸗
1815 1980 2053 2025 Querenburg
2445 1981 2664 2021 B 6/1924
2744 1980 2982 2018 BR. Witten
1774 2023 2384 2070 Weber, Ludwig, Heeren⸗Werve
2445 2025 2663 2064 B 1/1931
2742 2024 2980 2069 BR. Hamm
1772 2068 2313 2111 Wolf, Richard, Aſchersleben
2445 2068 2665 2109 B 3/1936
2743 2067 3066 2116 BR. Magdeburg
1772 2113 2242 2158 Woll, Franz, Kohlſcheid
2444 2113 2664 2154 B 1/1933
2741 2114 2986 2158 BR. Aachen
2027 2179 2900 2230 Zugleich für die Geheime Staatspolizei:
1913 2247 3018 2303 Der Reichs⸗ und Preußiſche Wirtſchaftsminiſter.
2252 2312 2689 2364 J. V.: Dr. Poſſe.
2221 2475 2724 2531 Bekanntmachung.
1875 2552 3143 2604 Die Umſatzſteuerumrechnungsſätze auf Reichsmark
1770 2602 3141 2654 für die Umſätze im Monat Dezember 1937 werden auf
1769 2652 3141 2704 Grund von § 5 Abſatz 1 Satz 2 des Umſatzſteuergeſetzes vom
1771 2702 3139 2754 16. Oktober 1934 (Reichsgeſetzbl. I S. 942) in Verbindung
1768 2753 3139 2804 mit § 40 der Durchführungsbeſtimmungen zum Umſatz⸗
1768 2803 3140 2856 ſteuergeſetz vom 17. Oktober 1934 (Reichsgeſetzbl. I S. 947)
1768 2853 2201 2903 wie folgt feſtgeſetzt:
1767 2961 1908 3009 Lfd. Nr.
2106 2965 2226 3004 Staat
2608 2966 2747 3012 Einheit
2995 2966 3085 3009 RM
1835 3065 1858 3103 1
1939 3067 2120 3114 Aegypten
2497 3068 2658 3113 1 Pfund
3008 3068 3106 3113 12,71
1832 3110 1859 3148 2
1940 3111 2167 3160 Argentinien
2453 3112 2771 3160 100 Papierpeſos
2565 3157 2915 3204 (= 44 Goldpeſos)
3009 3113 3106 3158 72,92
1833 3199 1857 3237 3
1939 3199 2093 3247 Belgien
2452 3202 2656 3245 100 Belga
2562 3248 2917 3295 (= 500 belg. Frcs.)
3009 3203 3107 3248 42,20
1831 3287 1857 3328 4
1939 3289 2125 3334 Braſilien
2449 3290 2687 3331 100 Milreis
3009 3291 3106 3339 13,68
1832 3332 1854 3370 5
1938 3335 2144 3380 Bulgarien
2450 3336 2635 3378 100 Lewa
3030 3338 3104 3382 3,05
1832 3380 1855 3415 6
1938 3379 2089 3418 Canada
2493 3381 2670 3422 1 Dollar
3029 3383 3105 3428 2,48
1832 3422 1854 3461 7
1937 3423 2146 3464 Dänemark
2449 3424 2678 3465 100 Kronen
3008 3426 3104 3472 55,41
1833 3468 1853 3506 8
1937 3468 2077 3515 Danzig
2450 3470 2681 3511 100 Gulden
3006 3472 3105 3517 47,05
1829 3512 1854 3550 9
1937 3513 2088 3555 Eſtland
2449 3513 2677 3556 100 Kronen
3006 3516 3103 3563 68,03
1809 3557 1855 3594 10
1938 3557 2118 3601 Finnland
2451 3557 2652 3600 100 Mark
3030 3562 3105 3607 5,49
1808 3600 1856 3640 11
1937 3600 2139 3645 Frankreich
2451 3602 2673 3647 100 Francs
3029 3606 3105 3651 8,43
1810 3644 1857 3684 12
1935 3645 2191 3688 Griechenland
2448 3648 2729 3692 100 Drachmen
3027 3650 3102 3695 2,36
1808 3690 1853 3727 13
1937 3692 2242 3736 Großbritannien
2492 3691 2847 3742 1 Pfund Sterling
3006 3694 3102 3741 12,41
1808 3735 1855 3773 14
1935 3736 2089 3782 Holland
2450 3736 2682 3778 100 Gulden
2985 3739 3104 3785 138,10
1809 3779 1854 3816 15
1937 3782 2038 3825 Iran
2450 3782 2646 3822 100 Rials
3006 3783 3105 3829 15,42
1809 3823 1854 3861 16
1938 3826 2074 3867 Island
2448 3826 2677 3867 100 Kronen
3007 3829 3104 3874 55,49
1809 3868 1852 3905 17
1938 3870 2082 3912 Italien
2448 3869 2612 3911 100 Lire
3008 3874 3105 3919 13,10
1808 3913 1852 3950 18
1936 3915 2066 3961 Japan
2449 3913 2613 3962 100 Yen
3006 3918 3103 3964 72,33
1809 3957 1853 3994 19
1936 3958 2187 4004 Jugoſlawien
2447 3960 2655 4003 100 Dinar
3028 3963 3104 4009 5,70
1807 4003 1855 4039 20
1936 4004 2097 4043 Lettland
2448 4003 2604 4045 100 Lat
3005 4007 3103 4053 49,15
1807 4047 1850 4084 21
1935 4047 2080 4085 Litauen
2447 4046 2633 4091 100 Litas
3007 4053 3104 4098 41,98
1807 4090 1853 4129 22
1935 4092 2148 4137 Luxemburg
2448 4093 2674 4144 500 Francs
3007 4097 3102 4142 52,75
1806 4136 1851 4173 23
1935 4137 2132 4181 Norwegen
2448 4139 2674 4181 100 Kronen
3005 4142 3102 4189 62,36
1806 4181 1852 4218 24
1936 4181 2148 4226 Oeſterreich
2449 4181 2712 4232 100 Schilling
3003 4187 3107 4233 49,—
1806 4225 1852 4262 25
1936 4227 2050 4272 Polen
2448 4227 2642 4274 100 Zloty
3004 4232 3103 4277 47,05
1805 4270 1852 4307 26
1936 4272 2114 4317 Portugal
2447 4272 2696 4314 100 Eskudos
3006 4276 3103 4322 11,27
1804 4314 1851 4351 27
1935 4315 2142 4355 Rumänien
2447 4317 2592 4358 100 Lei
3027 4321 3102 4367 2,50
1805 4359 1852 4396 28
1936 4360 2130 4402 Schweden
2446 4361 2673 4403 100 Kronen
3006 4365 3103 4410 63,96
1805 4403 1852 4441 29
1933 4404 2095 4450 Schweiz
2447 4405 2687 4452 100 Franken
3006 4409 3101 4455 57,43
1806 4448 1854 4486 30
1936 4450 2105 4497 Spanien
2446 4451 2676 4499 100 Peſeten
3008 4455 3102 4500 14,78
1807 4493 1850 4531 31
1934 4494 2253 4539 Tſchechoſlowakei
2446 4495 2676 4537 100 Kronen
3027 4500 3102 4545 8,72
1806 4537 1855 4575 32
1935 4539 2059 4579 Türkei
2489 4542 2656 4589 1 Pfund
3027 4545 3101 4591 1,98
1807 4581 1850 4620 33
1935 4585 2075 4630 Ungarn
2445 4585 2653 4632 100 Pengö
2549 4631 2897 4676 (bei Ausfuhr nach
2587 4676 2739 4723 Ungarn)
3004 4589 3103 4635 61,44
1807 4715 1852 4753 34
1937 4717 2101 4763 Uruguay
2492 4720 2624 4767 1 Peſo
3026 4723 3099 4770 1,35
1807 4759 1851 4798 35
1937 4763 2326 4808 Vereinigte Staaten
1981 4808 2236 4845 von Amerika
2491 4765 2668 4806 1 Dollar
3024 4769 3100 4811 2,48
1866 4873 3133 4930 Die Feſtſetzung der Umrechnungsſätze für die nicht in
1759 4920 3132 4981 Berlin notierten ausländiſchen Zahlungsmittel erfolgt etwa am
1760 4973 1980 5015 10. d. M.
1864 5039 2497 5091 Berlin, den 3. Januar 1938.
2089 5108 2814 5163 Der Reichsminiſter der Finanzen.
2261 5165 2650 5218 J. A.: Hedding.
2345 5341 2570 5396 Satzung
2128 5405 2784 5457 des Deutſchen Roten Kreuzes.
2166 5486 2733 5540 Vom 24. Dezember 1937.
1864 5568 3130 5623 Das Deutſche Rote Kreuz gibt ſich auf Grund des § 4
1758 5618 3130 5673 Abſ. 3 Satz 1 des Geſetzes über das Deutſche Rote Kreuz vom
1757 5667 3130 5721 9. Dezember 1937 (Reichsgeſetzbl. I S. 1330) die folgende, vom
1758 5717 3130 5771 Reichsminiſter des Innern im Einvernehmen mit dem Reichs⸗
1759 5767 3128 5820 kriegsminiſter und Oberbefehlshaber der Wehrmacht ſowie
1758 5816 3129 5869 dem Stellvertreter des Führers durch Erlaß vom 24. De⸗
1757 5865 2520 5920 zember 1937 genehmigte Satzung:
2424 5961 2496 6008 § 1
2389 6026 2508 6076 Geſetz
1863 6095 3129 6148 Die Rechtsverhältniſſe des Deutſchen Roten Kreuzes ſind
1758 6145 3129 6196 in ihren Grundzügen durch das Geſetz über das Deutſche Rote
1756 6196 3130 6247 Kreuz vom 9. Dezember 1937 (Reichsgeſetzbl. I S. 1330) ge⸗
1758 6245 1890 6295 regelt.
2421 6306 2493 6353 § 2
2110 6365 2775 6414 Internationales Rotes Kreuz
1862 6434 3128 6484 Das Deutſche Rote Kreuz iſt unbeſchadet ſeiner natio⸗
1759 6484 3128 6537 nalen Selbſtändigkeit ein Glied des Internationalen Roten
1757 6533 1943 6582 Kreuzes.
3870 552 3941 599 § 3
3677 612 4120 661 Schirmherr und Eid
3325 668 4577 721 (1) Schirmherr des Deutſchen Roten Kreuzes iſt der
3220 720 3802 771 Führer und Reichskanzler.
3323 768 4576 821 (2) Die beſondere Verbundenheit mit Führer und Reich
3220 819 4577 871 bekräftigen die führenden und die für den Einſatz beſtimmten
3220 866 4577 918 Männer und Frauen des Deutſchen Roten Kreuzes mit fol⸗
3219 920 3487 969 gendem Eid:
3322 962 4577 1018 „Ich ſchwöre Treue dem Führer des Deutſchen Reiches
3220 1011 4576 1066 und Volkes, Adolf Hitler. Ich gelobe Gehorſam und Pflicht⸗
3219 1058 4575 1117 erfüllung in der Arbeit des Deutſchen Roten Kreuzes nach
3219 1109 4575 1167 den Befehlen meiner Vorgeſetzten. So wahr mir Gott helfe.“
3866 1196 3938 1244 § 4
3792 1258 3991 1307 Aufgaben
3314 1310 4576 1368 (1) Das Deutſche Rote Kreuz wirkt mit im amtlichen
3218 1361 4576 1417 Sanitätsdienſt der Wehrmacht und im Sanitätsdienſt des
3220 1409 4580 1468 Luftſchutzes. Es hat weiter unterſtützend mitzuwirken ins⸗
3217 1468 3414 1521 beſondere
3306 1518 4574 1576 1. bei der Hilfeleiſtung bei öffentlichen Notſtänden und
3368 1570 4319 1626 bei Unglücksfällen zu Lande und zu Waſſer,
3298 1627 4576 1687 2. im Dienſt an der Geſundheitspflege des deutſchen
3369 1688 3521 1736 Volkes,
3306 1738 4574 1796 3. bei der Fürſorge für Kriegsgefangene und Kriegs⸗
3373 1797 3608 1847 geſchädigte.
3318 1847 4576 1908 (2) Das Deutſche Rote Kreuz kann im Ausland im
3216 1902 4231 1960 Rahmen ſeiner Zweckbeſtimmung Hilfe leiſten.
3859 1987 3932 2035 § 5
3763 2048 4024 2098 Wahrzeichen
3317 2100 4575 2161 Das Deutſche Rote Kreuz gebraucht das Wahrzeichen des
3217 2149 4577 2213 Roten Kreuzes (im weißen Felde ein aufrechtes, freiſtehendes
3214 2199 4575 2262 rotes Kreuz, deſſen unter ſich gleiche Arme je ein Sechſtel
3214 2250 4578 2314 länger als breit ſind) gemäß dem Genfer Abkommen zur Ver⸗
3213 2301 4573 2364 beſſerung des Loſes der Verwundeten und Kranken der Heere
3213 2350 4573 2413 im Felde vom 27. Juli 1929 (Reichsgeſetzbl. 1934, Teil II
3213 2414 3392 2465 S. 208).
3863 2456 3937 2508 § 6
3779 2518 3999 2569 Mitglieder
3317 2570 4570 2634 (1) Mitglieder des Deutſchen Roten Kreuzes können alle
3215 2621 4576 2684 deutſchen Männer und Frauen werden, die den in den Dienſt⸗
3213 2673 4575 2734 vorſchriften für das Deutſche Rote Kreuz (§ 9 Satz 1) ge⸗
3216 2721 4573 2785 ſtellten Bedingungen entſprechen. Die Dienſtvorſchriften für
3214 2771 4571 2833 das Deutſche Rote Kreuz regeln die Beendigung der Mitglied⸗
3214 2832 3945 2886 ſchaft im Deutſchen Roten Kreuz.
3317 2867 4571 2936 (2) Die Mitglieder verteilen ſich auf die folgenden Unter⸗
3213 2929 4183 2987 gliederungen des Deutſchen Roten Kreuzes:
3304 2982 4577 3042 1. die männlichen und weiblichen Bereitſchaften (DRK⸗
3367 3033 4590 3094 Bereitſchaft (m.), DRK⸗Bereitſchaft (w.), die für den
3365 3084 4572 3145 Einſatz zur Erfüllung der Aufgaben des Deutſchen
3365 3141 4002 3193 Roten Kreuzes beſtimmt ſind,
3302 3202 4014 3256 2. die Schweſternſchaften (§ 14),
3303 3255 4590 3310 3. die Kreis⸗ und Ortsgemeinſchaften (DRK⸗Kreis⸗ und
3367 3306 4567 3367 Ortsgemeinſchaften), deren Aufgabe es insbeſondere
3368 3356 4576 3418 iſt, an den Grundlagen für die Tätigkeit des Deutſchen
3367 3413 4003 3466 Roten Kreuzes mitzuſchaffen.
3316 3469 4572 3529 (3) Das Perſonal des Präſidiums (§ 8 Abſ. 1 Satz 3),
3213 3519 4571 3578 der Landesſtellen (§ 11 Abſ. 2), der Kreisſtellen (§ 12 Abſ. 2)
3213 3570 4572 3625 und der ſonſtigen Dienſtftellen des Deutſchen Roten Kreuzes
3214 3619 4538 3681 muß die Mitgliedſchaft im Deutſchen Roten Kreuz beſitzen.
3850 3710 3924 3757 § 7
3643 3769 4145 3822 Körperſchaftsmitglieder
3315 3825 4572 3883 Der Präſident kann zur Mitarbeit im Deutſchen Roten
3213 3877 4572 3935 Kreuz geeignete und hierzu bereite Perſonenvereinigungen,
3213 3926 4573 3985 Anſtalten und Einrichtungen als Körperſchaftsmitglieder in das
3215 3973 4574 4034 Deutſche Rote Kreuz aufnehmen. Er regelt von Fall zu Fall
3216 4032 4132 4085 ihre Stellung im Deutſchen Roten Kreuz.
3853 4116 3928 4163 § 8
3263 4172 4507 4230 Präſident, geſchäftsführender Präſident und Präſidium
3315 4243 4569 4300 (1) Der Präſident führt das Deutſche Rote Kreuz in ſeiner
3210 4293 4577 4349 Geſamtheit. Sein ſtändiger Stellvertreter iſt der geſchäfts⸗
3210 4343 4571 4404 führende Präſident. Die Dienſtſtelle des Präſidenten führt die
3203 4395 4429 4451 Bezeichnung „Präſidium des Deutſchen Roten Kreuzes“.
3312 4443 4576 4502 (2) Der Präſident gibt dem Präſidium eine Geſchäftsord⸗
3207 4495 4573 4551 nung, durch die insbeſondere für beſtimmte Verwaltungs⸗
3207 4544 4572 4602 zweige des Deutſchen Roten Kreuzes Aemter innerhalb des
3208 4594 4572 4653 Präſidiums errichtet werden. Die Chefs dieſer Aemter werden
3206 4644 4572 4702 vom Präſidenten berufen und abberufen, der Chef des Amtes
3207 4694 4570 4752 Auslandsdienſt im Einvernehmen mit dem Auswärtigen Amt.
3856 4783 3928 4831 § 9
3297 4838 4465 4895 DRK⸗Dienſtvorſchriften und DRK⸗Verordnungsblatt
3311 4909 4569 4967 Der Präſident erläßt die Dienſtvorſchriften für das
3206 4959 4571 5018 Deutſche Rote Kreuz (DRK⸗Dienſtvorſchriften). Er gibt ſeine
3207 5011 4569 5069 allgemeinen Weiſungen durch ein Verordnungsblatt des Deut⸗
3205 5060 4440 5120 ſchen Roten Kreuzes (DRK⸗Verordnungsblatt) bekannt.
3843 5149 3940 5196 § 10
3753 5208 4010 5259 Präſidialrat
3309 5264 4570 5322 (1) Zur Beratenden Mitwirkung für die Aufgaben des
3206 5315 4572 5372 Deutſchen Roten Kreuzes wird ein Präſidialrat beſtellt. Seine
3204 5364 4571 5421 Mitglieder werden vom Präſidenten berufen und abberufen.
3204 5414 4571 5476 Er tritt auf Einladung des Präſidenten zuſammen. Seine
3205 5469 3880 5521 Sitzungen leitet der Präſident.
3308 5515 4570 5570 (2) Der Reichsminiſter des Innern, der Stellvertreter
3203 5563 4570 5621 des Führers, der Reichskriegsminiſter und Oberbefehlshaber
3206 5614 4575 5669 der Wehrmacht ſowie die Reichsminiſter des Auswärtigen und
3202 5663 4579 5717 der Luftfahrt ſind zu den Sitzungen des Präſidialrates einzu⸗
3201 5717 3330 5762 laden.
3841 5768 3937 5816 § 11
3657 5826 4079 5880 DRK⸗Landesführer
3300 5885 4569 5938 (1) Die Landesführer des Deutſchen Roten Kreuzes
3205 5935 4570 5989 (DRK⸗Landesführer) werden vom Präſidenten im Einver⸗
3207 5984 4570 6036 nehmen mit den Gauleitern der NSDAP. berufen und ab⸗
3205 6035 4568 6092 berufen. Sie ſind dem Präſidenten unterſtellt und führen
3205 6084 4568 6140 nach ſeinen Weiſungen das Deutſche Rote Kreuz in ihrem
3200 6137 3582 6186 örtlichen Bereich.
3303 6179 4567 6236 (2) Die Dienſtſtellen der Landesführer führen die Be⸗
3203 6232 4569 6287 zeichnung „Deutſches Rotes Kreuz⸗Landesſtelle“ mit einem
3204 6282 4567 6335 den örtlichen Bereich kennzeichnenden Zuſatz, den der Präſi⸗
3204 6336 3520 6385 dent beſtimmt.
3307 6382 4567 6435 (3) Der Präſident beſtimmt im Einvernehmen mit dem
3203 6431 4565 6483 Reichsminiſter des Innern und dem Reichskriegsminiſter und
3202 6476 4565 6534 Oberbefehlshaber der Wehrmacht die Grenzen des örtlichen
3201 6530 4564 6583 Bereichs der Landesführer und den Sitz ihrer Landesſtellen.
6444 457 7938 517 Reichs⸗ und Staatsanzeiger Nr. 1 vom 3. Januar 1938. S. 3.
5732 590 5834 638 § 12
5568 647 5953 701 DRK⸗Kreisführer
5209 703 6449 767 (1) Die Kreisführer des Deutſchen Roten Kreuzes (DRK⸗
5105 750 6455 817 Kreisführer) werden vom Präſidenten auf Vorſchlag der
5104 800 6448 856 Landesführer im Einvernehmen mit den Gauleitern der
5105 849 6447 914 NSDAP. berufen und abberufen. Sie ſind den Landesführern
5103 899 6446 963 unterſtellt und führen nach deren Weiſungen das Deutſche
5104 949 6445 1014 Rote Kreuz in den Stadt⸗ und Landkreiſen als ihrem örtlichen
5102 998 5263 1045 Bereich.
5203 1058 6447 1125 (2) Die Dienſtſtellen der Kreisführer führen die Bezeich⸗
5101 1107 6443 1168 nung „Deutſches Rotes Kreuz⸗Kreisſtelle“ mit dem Namen
5100 1157 6441 1221 des Stadt⸗ oder Landkreiſes als Zuſatz. Die Kreisſtelle eines
5098 1204 6440 1271 Landkreiſes iſt am Sitz der Verwaltung des Landkreiſes ein⸗
5098 1255 5293 1304 zurichten.
5198 1316 6447 1380 (3) Der Präſident kann den örtlichen Bereich eines
5096 1363 6439 1428 Kreisführers abweichend von den Grenzen eines Stadt⸗ oder
5095 1413 6438 1480 Landkreiſes feſtſetzen. Er beſtimmt den Sitz der Dienſtſtelle
5095 1463 6436 1533 dieſes Kreisführers und den ihren örtlichen Bereich kennzeich⸗
5094 1513 5891 1575 nenden Zuſatz zu ihrer Bezeichnung.
5716 1607 5816 1655 § 13
5092 1656 6420 1728 Regelung der Führung durch DRK⸗Landes⸗ und Kreisführer
5191 1718 6433 1784 Der Präſident regelt die Führung des Deutſchen Roten
5088 1766 6432 1834 Kreuzes durch die Landesführer und die Kreisführer in den
5088 1812 6431 1884 Dienſtvorſchriften für das Deutſche Rote Kreuz und durch
5086 1865 6430 1933 Weiſungen im Verordnungsblatt des Deutſchen Roten
5086 1915 5263 1967 Kreuzes.
5709 1977 5810 2025 § 14
5557 2035 5951 2089 Schweſternſchaften
5184 2089 6427 2156 (1) Die Schweſtern des Deutſchen Roten Kreuzes ſind
5083 2138 6427 2205 ſeine berufstätigen für den Einſatz beſtimmten Kräfte. Sie
5080 2188 6425 2256 gliedern ſich in die vom Präſidenten beſtimmten Schweſtern⸗
5080 2237 6435 2304 ſchaften. Jede Schweſternſchaft hat ein Mutterhaus. Die
5077 2287 6424 2354 Schweſternſchaften führen die Bezeichnung „Deutſches Rotes
5077 2338 6423 2410 Kreuz⸗Schweſternſchaft“ mit dem vom Präſidenten beſtimmten
5077 2388 6422 2450 Namen des Mutterhauſes als Zuſatz. Die Oberinnen und die
5075 2437 6421 2510 Vorſitzenden der Schweſternſchaften werden vom Präſidenten
5074 2487 5577 2544 berufen und abberufen.
5176 2549 6419 2615 (2) Das Nähere über die Schweſternſchaften, insbeſondere
5074 2597 6418 2673 ihre Unterſtellung unter den Präſidenten und die Landesführer,
5073 2650 6299 2719 regeln die Dienſtvorſchriften für das Deutſche Rote Kreuz.
5700 2747 5794 2795 § 15
5648 2809 5843 2859 Anſtalten
5170 2859 6414 2925 (1) Das Deutſche Rote Kreuz unterhält Anſtalten, ins⸗
5067 2908 6413 2975 beſondere Krankenanſtalten, Kliniken, Entbindungsheime und
5065 2957 6413 3025 für Mitglieder des Deutſchen Roten Kreuzes beſtimmte Alters⸗
5065 3012 6412 3077 und Erholungsheime. Ihre Leiter werden von dem Präſidenten
5065 3061 6411 3125 berufen und abberufen. Im übrigen unterſtehen die Leiter der
5064 3112 6410 3182 Anſtalten, ſoweit der Präſident nichts anderes beſtimmt, den
5063 3163 5379 3214 Landesführern.
5164 3224 6408 3296 (2) Das Nähere über die Anſtalten regeln die Dienſtvor⸗
5060 3276 5876 3345 ſchriften für das Deutſche Rote Kreuz.
5687 3373 5781 3421 § 16
5584 3428 5880 3490 Einrichtungen
5157 3488 6405 3554 (1) Das Deutſche Rote Kreuz unterhält dem Bereitſchafts⸗
5054 3538 6404 3608 dienſt dienende Einrichtungen, insbeſondere das Hauptlager,
5054 3589 6402 3654 ſonſtige Lager, Unfallhilfsſtellen, Fachſchulen für Führer und
5053 3640 6405 3711 Unterführer, Heime für die Bereitſchaften. Soweit die Einrich⸗
5052 3693 6400 3754 tungen dem geſamten Deutſchen Roten Kreuz dienen, werden
5051 3741 6398 3806 ihre Leiter von dem Präſidenten berufen und abberufen. Die
5052 3793 6399 3853 Leiter dieſer Einrichtungen ſind dem Präſidenten unmittelbar
5050 3846 6396 3905 unterſtellt. Die Leiter der übrigen Einrichtungen werden von
5049 3895 6397 3959 den Landesführern oder den Kreisführern berufen, je nachdem
5048 3945 6402 4011 ſie dem Deutſchen Roten Kreuz im örtlichen Bereich eines
5048 3996 6396 4063 Landes⸗ oder Kreisführers dienen. Sie unterſtehen dem
5048 4046 6061 4109 Landes⸗ oder Kreisführer, der ſie berufen hat.
5147 4110 6400 4176 (2) Das Nähere über die Einrichtungen regeln die Dienſt⸗
5047 4159 6393 4220 vorſchriften für das Deutſche Rote Kreuz und die von den Lei⸗
5045 4212 6391 4274 tern der Einrichtungen zu erlaſſenden Dienſtanweiſungen, die
5044 4260 6391 4326 je nach dem Unterſtellungsverhältnis der Präſident, der Landes⸗
5044 4311 5873 4373 führer oder der Kreisführer genehmigt.
5660 4405 5765 4456 § 17
5529 4467 5902 4520 Vertretungsmacht
5140 4522 6387 4584 (1) Der Präſident und der geſchäftsführende Präſident ver⸗
5039 4572 6384 4644 treten das Deutſche Rote Kreuz gerichtlich und außergerichtlich.
5039 4622 6148 4681 Sie haben die Stellung eines geſetzlichen Vertreters.
5137 4687 6384 4747 (2) Die Landesführer, die Kreisführer, die Oberinnen der
5037 4735 6382 4805 Schweſternſchaften, die Leiter der Anſtalten und Einrichtungen
5036 4786 6381 4850 ſind neben den im Abſ. 1 genannten Vertretern die beſonderen
5035 4836 6383 4908 Vertreter des Deutſchen Roten Kreuzes bei allen Rechtsgeſchäf⸗
5027 4889 6381 4955 ten, die der ihnen zugewieſene Geſchäftskreis gewöhnlich mit
5033 4937 5252 4990 ſich bringt.
5133 5003 6378 5069 (3) Der Präſident und der geſchäftsführende Präſident
5033 5049 6378 5117 haben die ausſchließliche Vertretungsmacht für folgende Rechts⸗
5031 5099 5211 5152 geſchäfte:
5114 5163 6376 5233 1. Erwerb und Veräußerung von Grundſtücken und Rech⸗
5176 5218 6252 5280 ten an Grundſtücken, Belaſtung von Grundſtücken,
5114 5264 6374 5333 2. Aufnahme von Darlehen und Uebernahme von Bürg⸗
5176 5316 5342 5367 ſchaften,
5111 5366 6378 5433 3. Dienſtverträge mit hauptberuflich tätigen Kräften in ge⸗
5174 5418 6371 5482 hobener Stellung nach näherer Beſtimmung der Ge⸗
5172 5469 5904 5528 ſchäftsordnung für das Präſidium.
5108 5518 6370 5580 4. Veräußerung von Vermögenswerten innerhalb der in der
5173 5571 6367 5635 Geſchäftsordnung für das Präſidium beſtimmten
5171 5622 5356 5672 Grenzen.
5121 5681 6365 5751 (4) Bauvorhaben genehmigt der Präſident. Das Nähere
5020 5732 6266 5799 regeln die Dienſtvorſchriften für das Deutſche Rote Kreuz.
5643 5825 5739 5874 § 18
5465 5884 5915 5936 Ehrenamtliche Arbeit
5112 5935 6359 6005 Die Arbeit im Deutſchen Roten Kreuz iſt grundſätzlich
5017 5985 6359 6057 ehrenamtlich. Die hauptberuflich im Deutſchen Roten Kreuz,
5015 6037 6358 6106 insbeſondere ſeinen Dienſtſtellen, Anſtalten und Einrichtungen
5015 6086 6357 6154 tätigen Kräfte, ſowie die Schweſtern erhalten Bezüge nach Maß⸗
5013 6137 6356 6206 gabe des Haushaltsplans und der Dienſtvorſchriften für das
5012 6188 6354 6255 Deutſche Rote Kreuz. Die Tarife für die Schweſtern ſind im
5011 6238 6352 6307 Einvernehmen mit dem Stellvertreter des Führers zu regeln.
5634 6332 5728 6381 § 19
5510 6389 5848 6444 Finanzgebarung
5105 6443 6350 6512 Für die Finanzgebarung des Deutſchen Roten Kreuzes gilt
5006 6492 6348 6561 das Beiträge⸗Geſetz vom 24. März 1934 (RGBl. I S. 235) ſinn⸗
5005 6544 6347 6614 gemäß. Das Nähere regelt der Präſident in einer Haushalts⸗
6520 599 7876 676 ordnung für das Deutſche Rote Kreuz, die der Reichsminiſter
6526 649 7015 706 des Innern genehmigt.
7154 725 7248 772 § 20
6974 783 7429 838 Abzeichen und Siegel
6613 830 7873 904 (1) Das Deutſche Rote Kreuz gebraucht im Schriftverkehr
6523 885 7878 959 und für ſeine Abzeichen das Wahrzeichen des Roten Kreuzes
6522 933 7879 1005 (§ 5) in folgender Form: Das Wahrzeichen wird von den Fän⸗
6521 986 7871 1057 gen eines Adlers mit geſchloſſenen Flügeln und nach rechts ge⸗
6521 1036 7869 1106 wendetem Kopf gehalten, der auf der Bruſt ein Hakenkreuz trägt.
6621 1100 7868 1167 (2) Das Siegel des Deutſchen Roten Kreuzes zeigt das
6518 1146 7868 1217 Wahrzeichen des Roten Kreuzes in der in Abſ. 1 beſchriebenen
6517 1187 7867 1264 Form mit einer die ſiegelführende Stelle bezeichnenden Um⸗
6518 1241 7866 1320 ſchrift. Für ſeine Geſtaltung und Beſchriftung iſt das beigefügte
6516 1298 7872 1372 Muſter maßgebend. Welche Stellen das Siegel führen, beſtim⸗
6517 1352 7762 1423 men die Dienſtvorſchriften für das Deutſche Rote Kreuz.
7146 1445 7239 1492 § 21
7038 1506 7348 1558 Uebergangszeit
6613 1556 7864 1632 Während einer Uebergangszeit, deren Ende der Präſident
6512 1605 7868 1679 mit Zuſtimmung des Reichsminiſters des Innern feſtſetzt, wer⸗
6511 1657 7863 1728 den die Mitglieder des Deutſchen Roten Kreuzes im örtlichen
6509 1706 7866 1777 Bereich der aufgelöſten Verbände, Vereine und Untergliederun⸗
6511 1760 7862 1835 gen ſowie die Schweſternſchaften, Anſtalten und Einrichtungen
6509 1808 7862 1875 von den bisherigen Führern und Führerinnen, den Oberinnen
6507 1859 7861 1930 und den Leitern der Anſtalten und Einrichtungen nach den bis⸗
6508 1909 7860 1984 her geltenden Vorſchriften geführt. Für die Finanzgebarung
6507 1962 7858 2034 und die Vertretungsmacht im örtlichen Bereich der aufgelöſten
6505 2009 7858 2080 Verbände, Vereine und Untergliederungen gelten während der
6505 2060 7857 2135 Uebergangszeit die bisherigen Vorſchriften. Für die im § 17
6504 2107 7862 2190 Abſ. 1 Satz 3 genannten Rechtsgeſchäfte haben jedoch der Präſi⸗
6504 2161 7855 2234 dent und der geſchäftsführende Präſident ſchon während der
6504 2213 7649 2281 Uebergangszeit die ausſchließliche Vertretungsmacht.
7134 2299 7227 2346 § 22
7040 2360 7320 2410 Inkrafttreten
6601 2410 7677 2482 Dieſe Satzung tritt am 1. Januar 1938 in Kraft.
6599 2482 7300 2541 Berlin, den 24. Dezember 1937.
6830 2560 7517 2620 Der geſchäftsführende Präſident
6861 2610 7487 2677 des Deutſchen Roten Kreuzes
7008 2690 7338 2743 Dr. Grawitz
6998 2750 7355 2804 SS⸗Brigadeführer
6895 2914 7452 2973 Anordnung Nr. 42
6598 2972 7736 3048 der Ueberwachungsſtelle für Kautſchuk und Aſbeſt
6932 3034 7405 3083 vom 3. Januar 1938.
6487 3090 7848 3172 (Regelung der Beſchaffung, Verteilung, Lagerung, des Abſatzes
6579 3147 7743 3223 und Verbrauchs von Kautſchuk oder Kautſchukwaren.)
6585 3216 7836 3288 Auf Grund der Verordnung über den Warenverkehr vom
6484 3263 7836 3345 4. September 1934 (Reichsgeſetzbl. I, S. 816) in der Faſſung
6485 3313 7834 3390 der Verordnung vom 28. Juni 1937 (Reichsgeſetzbl. I, S. 761)
6482 3363 7837 3439 in Verbindung mit der Verordnung über die Errichtung von
6487 3413 7835 3488 Ueberwachungsſtellen vom 4. September 1934 (Deutſcher
6481 3463 7831 3538 Reichsanz. und Preuß. Staatsanz. Nr. 209 vom 7. September
6482 3515 7830 3595 1934) wird mit Zuſtimmung des Reichswirtſchaftsminiſters
6480 3568 6724 3614 angeordnet:
7122 3629 7195 3677 § 1
6973 3687 7326 3741 Geltungsbereich.
6578 3738 7827 3809 (1) Wer Kautſchuk oder Kautſchukwaren beſchafft, verteilt,
6480 3781 7823 3860 lagert, abſetzt oder verbraucht, unterliegt dieſer Anordnung
6476 3837 7438 3906 nach Maßgabe der folgenden Beſtimmungen.
6572 3898 7822 3969 (2) Als Kautſchuk im Sinne dieſer Anordnung gelten
6473 3946 7822 4023 Naturkautſchuk, Guttapercha, Balata und ſynthetiſcher
6470 3996 6683 4046 Kautſchuk.
6569 4059 7818 4127 (3) Naturkautſchuk ſind naturflüſſige und konzentrierte
6469 4107 7818 4180 Kautſchukmilch und der durch Aufbereitung von Kautſchukmilch
6468 4161 7338 4220 gewonnene Rohkautſchuk in jeder Form.
6561 4219 7827 4289 (4) Synthetiſcher Kautſchuk ſind feſte und flüſſige Kunſt⸗
6466 4266 7816 4338 ſtoffe, die in der Verarbeitung, insbeſondere hinſichtlich der
6465 4317 7822 4388 Vulkaniſierfähigkeit, dem Naturkautſchuk im weſentlichen ent⸗
6464 4367 6643 4417 ſprechen.
6558 4430 7815 4500 (5) Als Kautſchukwaren im Sinne dieſer Anordnung
6463 4478 7813 4553 gelten Halb⸗ und Fertigwaren, die teilweiſe oder ausſchließlich
6463 4529 7813 4597 aus Kautſchuk oder unvulkaniſierten Kautſchukabfällen her⸗
6461 4579 7818 4650 geſtellt ſind, ſoweit ſie zur Zuſtändigkeit der Ueberwachungs⸗
6460 4629 7320 4691 ſtelle für Kautſchuk und Aſbeſt gehören.
7106 4725 7181 4772 § 2
6942 4781 7329 4836 Einkaufsregelung.
6558 4834 7807 4901 (1) Wer Kautſchuk im Inland oder Ausland zur Ver⸗
6457 4884 7805 4950 wendung im Inland erwirbt, bedarf dazu im Einzelfall der
6454 4934 7804 5005 ausdrücklichen vorherigen Zuſtimmung der Ueberwachungs⸗
6454 4982 7059 5039 ſtelle (Einkaufsbewilligung).
6554 5045 7802 5109 (2) Auf Grund von Einkaufsbewilligungen getätigte Ein⸗
6450 5092 7811 5159 käufe ſind der Ueberwachungsſtelle auf beſonderem Vordruck
6452 5144 7384 5204 unverzüglich zu melden (Einkaufsmeldung).
6551 5205 7798 5268 (3) Wer im Monat nicht mehr als 100 kg Kautſchuk ver⸗
6448 5252 7797 5318 braucht (Kleinverbraucher) hat bei der Ueberwachungsſtelle
6447 5303 7797 5369 eine beſondere Einkaufsbewilligung (Einkaufsbewilligung für
6445 5352 7795 5418 Kleinverbraucher) zu beantragen. Dieſe Bewilligung gilt je⸗
6445 5403 7793 5473 weils für ein Kalenderjahr und berechtigt, die darin feſtgeſetzte
6443 5451 7098 5509 Menge monatlich einzukaufen.
6543 5514 7793 5579 (4) Bei Einkauf im Inland iſt die Einkaufsbewilligung
6440 5561 7794 5627 gleichzeitig mit der Auftragserteilung dem Verkäufer auszu⸗
6440 5611 6640 5661 händigen.
6540 5673 7789 5738 (5) Der Verkäufer darf ohne Aushändigung der Einkaufs⸗
6437 5721 7790 5786 bewilligung nicht liefern. Bei Verkauf an Kleinverbraucher iſt
6436 5772 7787 5838 vom Verkäufer die gelieferte Menge in der Einkaufsbewilligung
6436 5820 7167 5877 für Kleinverbraucher einzutragen.
7077 5911 7151 5960 § 3
6894 5970 7334 6023 Verbrauchsregelung.
6531 6024 7791 6086 (1) Wer Kautſchuk verbraucht, bedarf dazu der ausdrück⸗
6427 6072 7784 6139 lichen vorherigen Zuſtimmung der Ueberwachungsſtelle (Ver⸗
6424 6122 6866 6177 brauchsbewilligung).
6522 6173 7779 6231 (2) Die Verbrauchsbewilligung gilt als erteilt an Ver⸗
6425 6220 7778 6285 braucher, die im Beſitz von Genehmigungen gemäß § 2 der An⸗
6420 6271 7777 6337 ordnung Nr. 23 vom 16. März 1935 (Deutſcher Reichsanz. und
6423 6320 7775 6387 Preuß. Staatsanz. Nr. 66 vom 19. März 1935) oder gemäß
6421 6370 7774 6437 § 2 der Anordnung Nr. 27 (Deutſcher Reichsanz. und Preuß.
6421 6419 7774 6478 Staatsanz. Nr. 154 vom 5. Juli 1935) oder die als Kleinver⸗
6420 6469 7773 6531 braucher im Beſitz einer Genehmigung gemäß §§ 2 und 5 der
6421 6517 7777 6583 Anordnung Nr. 18 (Deutſcher Reichsanz. und Preuß. Staats⸗
6417 6569 7777 6636 anz. Nr. 207 vom 14. November 1934) ſind, jedoch nur inſo⸗
7947 625 9220 686 weit, als der Verbrauch von Kautſchuk zur Herſtellung ſolcher
7942 677 9217 735 Kautſchukwaren ſtattfindet, die von einem Verbraucher in der
7942 726 9216 786 Zeit vom 9. Mai 1934 bis zum Tage des Inkrafttretens dieſer
7942 775 8675 831 Anordnung hergeſtellt worden ſind.
8549 867 8617 913 § 4
8351 924 8814 977 Verarbeitungsregelung.
8043 981 9214 1037 (1) Verbraucher von Kautſchuk dürfen nur diejenige
7940 1028 9213 1086 Menge monatlich verarbeiten (Verarbeitungsmenge), die die
7939 1078 9217 1136 Ueberwachungsſtelle durch ſchriftlichen Beſcheid zur Ver⸗
7939 1129 9212 1180 arbeitung freigegeben hat (Verarbeitungsbewilligung). Die
7943 1176 9215 1234 Verarbeitung einer größeren als der freigegebenen Menge iſt
7938 1231 9218 1285 auch dann verboten, wenn dieſe aus vorhandenen Lägern ent⸗
7938 1282 8412 1327 nommen werden kann.
8038 1340 9210 1395 (2) Kleinverbraucher dürfen nur die in der Einkaufs⸗
7935 1387 9208 1445 bewilligung für Kleinverbraucher feſtgeſetzte Menge monatlich
7935 1439 8185 1484 verarbeiten.
8037 1499 9206 1553 (3) Die einem Verbraucher zur Verarbeitung freigegebene
7934 1546 9206 1600 Menge darf außerhalb des eigenen Betriebes nur mit aus⸗
7933 1597 9204 1652 drücklicher vorheriger Zuſtimmung der Ueberwachungsſtelle
7932 1650 8340 1692 verarbeitet werden.
8538 1704 8606 1751 § 5
8369 1762 8787 1812 Verarbeitungsmenge.
8037 1815 9206 1869 (1) Die Verarbeitungsmenge wird jeweils für einen
7934 1864 9205 1922 Monat in nach Warengruppen geſtaffelten Hundertſätzen
7929 1918 9201 1973 einer im Monatsdurchſchnitt des Jahres 1936 (Vergleichszeit)
7933 1966 9208 2023 für Inlandszwecke verarbeiteten Menge (Grundmenge) feſt⸗
7929 2018 9206 2075 geſetzt und ſchriftlich mitgeteilt. Dieſe Mitteilung ergeht je⸗
7930 2067 8883 2120 weils bis zum 15. des vorhergehenden Monats.
8035 2128 9203 2183 (2) Als Grundmenge im Sinne des Abſatzes 1 gilt die
7930 2178 9201 2232 Menge Kautſchuk, die von der Ueberwachungsſtelle auf Grund
7930 2229 9209 2284 der Verarbeitungsmenge in der Vergleichszeit jeweils feſt⸗
7929 2280 8688 2331 geſetzt und ſchriftlich mitgeteilt wird.
8026 2342 9198 2397 (3) Die Beſtimmungen der Abſätze 1 und 2 gelten nicht für
7923 2391 8295 2441 Kleinverbraucher.
8023 2453 9200 2506 (4) Die Ueberwachungsſtelle kann in Sonderfällen Grund⸗
7917 2504 9194 2556 menge und Verarbeitungsmenge in Abweichung von den Be⸗
7920 2552 9197 2606 ſtimmungen der Abſätze 1 und 2 feſtſetzen. Sie kann insbeſon⸗
7919 2603 9194 2655 dere die Verarbeitungsmenge erhöhen oder herabſetzen, wenn
7919 2653 9193 2705 und ſoweit die Güte der Erzeugniſſe eines Verarbeiters von
7918 2701 9199 2755 der in dem betreffenden Herſtellungszweig erzielten Durch⸗
7917 2751 8569 2803 ſchnittsgüte weſentlich abweicht.
8018 2813 9191 2864 (5) Vorgriffe auf einen ſpäteren als den in der Ver⸗
7916 2862 9189 2915 arbeitungsbewilligung angegebenen Zeitraum ſind nicht zu⸗
7916 2912 9189 2964 läſſig. Soweit die Verarbeitungsmenge jedoch in dem in der
7915 2962 9190 3014 Verarbeitungsbewilligung vorgeſehenen Monat nicht ver⸗
7915 3012 9187 3064 arbeitet wird darf ſie bis zur Höhe von 25 vH auf den fol⸗
7915 3062 8610 3114 genden Monat übertragen werden.
8518 3143 8606 3200 § 6
8469 3212 8640 3260 Ausfuhr.
8011 3270 9185 3322 (1) Für Ausfuhrzwecke kann die Ueberwachungsſtelle Kaut⸗
7912 3318 8778 3371 ſchuk zuſätzlich zur Verarbeitung freigeben.
8015 3379 9181 3431 (2) Zur Ausfuhr erworbene, abweichend von den Be⸗
7914 3428 9185 3483 ſtimmungen der Ueberwachungsſtelle hergeſtellte Kautſchuk⸗
7914 3479 9180 3531 waren dürfen nur zur Ausfuhr verwendet werden. Unter⸗
7912 3529 9178 3585 bleibt jedoch die Ausfuhr, ſo iſt dies der Ueberwachungsſtelle
7912 3579 9178 3635 unter Angabe der Gründe unverzüglich anzuzeigen. Solche
7912 3629 9184 3683 nicht ausgeführten Kautſchukwaren dürfen nur mit ausdrück⸗
7910 3678 9176 3736 licher vorheriger Zuſtimmung der Ueberwachungsſtelle im
7909 3728 8751 3783 Inland in den Verkehr gebracht werden.
8514 3818 8581 3867 § 7
8475 3880 8616 3928 Handel.
8006 3935 9171 3993 (1) Wer mit Kraftfahrzeugreifen handelt, bedarf dazu der
7902 3986 9168 4044 vorherigen Erlaubnis der Ueberwachungsſtelle (Handels⸗
7901 4033 8120 4086 zulaſſung).
7999 4097 9166 4152 (2) Händler, die im Zeitpunkt des Inkrafttretens dieſer
7899 4145 9165 4205 Anordnung den Handel mit Kraftfahrzeugreifen gewerbs⸗
7901 4195 9167 4256 mäßig betreiben, können ihre Tätigkeit bis zur Entſcheidung
7901 4245 9169 4301 über ihre Zulaſſung fortſetzen, wenn ſie die Erlaubnis inner⸗
7899 4296 9164 4356 halb eines Monats nach Inkrafttreten dieſer Anordnung nach⸗
7899 4345 8035 4395 ſuchen.
8510 4403 8576 4451 § 8
8215 4459 8858 4514 Bewilligungen und Zulaſſungen.
7994 4516 9158 4577 Die auf Grund dieſer Anordnung erteilten Bewilligungen
7894 4567 9158 4627 und Zulaſſungen ſind nicht übertragbar und jederzeit wider⸗
7893 4617 9157 4679 ruflich. Sie können an Bedingungen und Auflagen geknüpft
7892 4672 8051 4707 werden.
8490 4726 8574 4772 § 9
8434 4784 8622 4835 Lagerung.
7984 4839 9152 4896 Kautſchuk muß ſorgfältig gelagert werden. Die Ueber⸗
7886 4888 9151 4955 wachungsſtelle kann für die Lagerung nähere Beſtimmungen
7886 4939 8033 4989 treffen.
8482 4996 8569 5044 § 10
8351 5055 8700 5108 Verkaufsregelung.
7978 5112 9150 5174 (1) Die Ueberwachungsſtelle kann zur Sicherſtellung vor⸗
7879 5160 9148 5220 dringlichen Bedarfs allgemeine Beſtimmungen über den Ab⸗
7879 5210 8560 5266 ſatz von Kautſchukwaren treffen.
7975 5261 9146 5319 (2) Der Verkauf oder die Lieferung von Kautſchukwaren
7874 5310 9149 5371 im Inland darf nicht von einer zuſätzlichen Gegenleiſtung
7875 5361 9144 5416 oder von Verpflichtungen zur Abnahme anderer Waren ab⸗
7873 5410 9143 5472 hängig gemacht werden. Ausgenommen hiervon iſt die Ver⸗
7872 5460 8370 5514 pflichtung zur Ausfuhr.
8472 5529 8559 5577 § 11
8394 5589 8638 5639 Meldepflicht.
7966 5642 9139 5701 Nachfolgende Meldungen ſind auf beſonderen Vordrucken
7867 5694 8206 5742 zu erſtatten von
7951 5743 9137 5805 a) Verarbeitern und Händlern von Kautſchuk bis zum
8014 5794 9135 5854 5. jeden Monats Zu⸗ und Abgang im vorhergehenden
8014 5842 9135 5902 Monat ſowie die Lagerbeſtände am Ende des vorher⸗
8013 5894 9134 5950 gehenden Monats, bis zum 20. des erſten Monats eines
8012 5942 9134 6004 jeden Kalendervierteljahres der Umſatz im vorhergehen⸗
8010 5991 8507 6043 den Kalendervierteljahr;
7945 6041 9132 6098 b) Herſtellern von Bereifungen — unbeſchadet der Melde⸗
8008 6092 9130 6159 pflicht zu a — bis zum 15. jeden Monats die Lager⸗
8007 6141 9128 6205 beſtände am Ende des vorhergehenden Monats und ge⸗
8007 6193 9127 6253 trennt die im vorhergehenden Monat für Inland und
8005 6240 9126 6306 Ausland hergeſtellten Fahrrad⸗, Geſpannwagen⸗, Flug⸗
8004 6291 8962 6353 zeug⸗, Vollgummi⸗ und Kraftfahrzeugluftreifen.
8455 6379 8543 6428 § 12
8343 6439 8649 6490 Nachweispflicht.
7947 6491 9122 6556 Die Richtigkeit der der Ueberwachungsſtelle erſtatteten
7845 6538 9117 6610 Meldungen muß buchmäßig und durch Unterlagen nachweis⸗
7846 6588 8026 6640 bar ſein.
