8664 6408
838 330 2635 466 hauptſaͤchlichſten zu ſeyn: die allgemeine Handels⸗Stockung,
844 399 2637 524 der große Zufluß von fremden Ausgewanderten, und endlich
845 466 2639 586 die außerordentlich große Zahl der Brandtwein⸗Laͤden. Was
847 528 2642 655 die fremden Ankoͤmmlinge betrifft, ſo belief ſich deren Anzahl
846 604 2643 716 im vorigen Jahre auf beinahe 19,000, wovon ein bedeuten⸗
850 663 2656 782 der Theil, und wahrſcheinlich nicht der beſſere, hier blieb.
853 731 2645 846 1827 kamen beinahe eben ſo viel an. An Brandtwein⸗Laͤden
853 797 2648 921 hat New⸗York mehr als 3300, was auf jede 60 hieſige Ein⸗
854 861 2649 987 wohner, Maͤnner, Weiber und Kinder mit eingeſchloſſen,
856 925 2652 1043 Einen ausmacht. Der Reiz dieſer Trinkhaͤuſer, ſowohl
858 994 2655 1119 ihrer Menge, als des wohlfeilen Brandtweines wegen, iſt
861 1061 2656 1185 zu groß, als daß er nicht auf das verderblichſte auf viele
862 1126 2656 1254 Familien einwirken muß, die bei ſchwerer und ſchlecht bezahl⸗
864 1193 2658 1305 ter Arbeit keinen anderen Genuß kennen, als ihren Kummer
864 1264 2658 1382 in Brandtwein zu erſaͤufen. Man beſchaͤftigt ſich indeſſen
863 1329 2658 1441 ernſthaft mit Maaßregeln, um dem letzten Uebel abzuhelfen,
864 1407 2659 1503 und dem zunehmenden Elende nach Moͤglichkeit entgegen zu
864 1512 1068 1576 ſteuern.
1567 1578 1963 1641 Mexiko.
1007 1621 2664 1722 Die Direktion der Rheiniſch⸗Weſtindiſchen Compagnie
872 1682 2662 1802 ſetzt durch eine, in der Elberfelder⸗Zeitung (vom 9. Maͤrz)
871 1754 2663 1863 enthaltene Benachrichtigung die Intereſſenten von der Lage
874 1821 2669 1928 der Dinge in Mexiko in Kenntniß: „Es gereicht uns“ (heißt
872 1888 2669 1992 es darin) „zum beſonderen Vergnuͤgen, unſeren Herren Be⸗
872 1955 2669 2063 theiligten nunmehr ſagen zu koͤnnen, daß nach den ſo eben
872 2021 2672 2129 empfangenen aͤußerſt beruhigenden Nachrichten unſerer Mexi⸗
871 2089 2671 2194 kaniſchen Agentſchaft, vom 7. Jan. aus der Hauptſtadt und
874 2153 2674 2255 vom 15. Jan. aus Vera⸗Cruz, die Compagnie durch die be⸗
874 2224 2672 2320 kannten Vorfaͤlle in Mexiko weit weniger benachtheiligt wird,
875 2286 2675 2390 als anfaͤnglich zu befuͤrchten ſtand. Die Ausſtaͤnde bei ſol⸗
877 2355 2674 2460 chen Boutiquiers in der Hauptſtadt, welche durch Pluͤnde⸗
877 2421 2672 2527 rung zahlungsunfaͤhig geworden, belaufen ſich nur auf P.
877 2488 2674 2590 6000, und die Forderungen der Compagnie an die jetzt defi⸗
883 2556 2679 2657 nitiv zur Auswanderung gezwungenen Alt⸗Spanier ſind
877 2626 2678 2720 gleichfalls ſehr maͤßig und geben keine Beſorgniſſe fuͤr nam⸗
874 2690 2678 2792 hafte Verluſte. Die ſtatt gehabte Beraubung eines unſerer
859 2761 2679 2850 Waaren⸗Transporte von Vera⸗Cruz nach Mexiko wird den
883 2823 2679 2926 Betrag von P. 8000 nicht uͤberſteigen, und die Geld⸗Con⸗
884 2888 2680 2998 ducta hat — nach 16 ⅝ pCt. durch Beraubung in Puebla,
882 2959 2683 3058 fuͤr welche jedoch alle Ausſicht vorhanden, daß das Gouver⸗
883 3025 2682 3116 nement den fremden Kaufleuten Anweiſung auf die Zoͤlle ge⸗
882 3091 2682 3205 ben werde, — Vera⸗Cruz erreicht und iſt dort in dem Eng⸗
866 3153 2695 3258 liſchen Packetboot Rinaldo nach Europa verſchifft worden. —
891 3219 2691 3319 Dies Packet iſt denn nun auch (wie wir bereits gemeldet
890 3282 2693 3387 haben) gluͤcklich in England, und die der Compagnie gehoͤ⸗
895 3346 2693 3443 renden Fonds mithin als in unſeren Haͤnden zu betrachten.“
1025 3414 2692 3515 „General Guerrero iſt vom Congreſſe, nach ſtattgefun⸗
877 3475 2691 3575 denem Scrutin der Praͤſidenten⸗Wahl, als geſetzlich erwaͤhlt
891 3538 2691 3653 proclamirt (erhielt bekanntlich die meiſten Stimmen nach
891 3611 2695 3718 Pedraza) und hat jetzt durch thaͤtiges Einſchreiten viel zur
894 3674 2697 3782 Wiederherſtellung der Ordnung beigetragen. So verdankt
894 3744 2698 3847 man es z. B. namentlich ſeinem perſoͤnlichen Erſcheinen in
896 3813 2700 3919 Puebla, daß die Conducta keiner weiteren, als der oben er⸗
897 3876 2702 3984 waͤhnten Beraubung ausgeſetzt, und daß ſie unter genuͤgen⸗
897 3942 2710 4039 der Escorte nach Vera⸗Cruz weiter geſandt worden iſt. Der
901 4009 2702 4112 noch bis zum 1. April fungirende Praͤſident Vittoria hat
903 4076 2701 4177 dem Engliſchen Chargé d'Affaires die Verſicherung ertheilt,
906 4147 2705 4246 daß die Erſtattung des geraubten Theiles dieſer Conducta
912 4212 2708 4314 (P. 190,000 oder 16 ⅝ pCt. auf die ganze Summe) Gegen⸗
910 4281 2710 4379 ſtand der erſten Berathung des neuen Congreſſes werden
903 4345 2713 4441 ſolle, und man ſchmeichelte ſich allgemein, daß die Wieder⸗
899 4415 2507 4505 Erſtattung des gepluͤnderten Geldes decretirt werde.“
1043 4479 2716 4574 „Alle Staaten Mexiko's haben die neue Ordnung der
913 4544 2718 4640 Dinge anerkannt, und die Ruhe im Lande iſt fuͤr den Augen⸗
909 4612 2721 4700 blick wieder hergeſtellt, und da Pedraza erklaͤrt hat, das
913 4686 2723 4766 Land verlaſſen zu wollen, und die Alt⸗Spanier es nun ver⸗
915 4740 2725 4836 laſſen muͤſſen, ſo ſcheint uns eine Reaction nicht wahr⸗
920 4836 1244 4914 ſcheinlich.“
1531 4943 2091 5032 Inland.
1054 5039 2729 5129 Frankfurt a. O., 12. Maͤrz. Die gegenwaͤrtige hie⸗
921 5108 2728 5196 ſige Reminiscere⸗Meſſe faͤllt ſtark und gut aus. Von allen
921 5173 2723 5258 Waaren⸗Gattungen ſind betraͤchtliche Quantitaͤten auf dem
922 5237 2726 5330 Platze. Inlaͤndiſches Tuch wird viel nach dem Auslande
924 5307 2728 5389 verkauft. Fremde und inlaͤndiſche Seiden⸗, Baumwollen⸗
926 5372 2729 5456 und Wollenzeug⸗Waaren finden betraͤchtlichen Abſatz. Auch
928 5439 2730 5523 die uͤbrigen Waaren ſind geſucht; bloß rohe Producte haben
929 5504 2731 5596 bis jetzt noch nicht Kaͤufer genug gefunden. Die Straßen
923 5569 2734 5651 ſind mit Meßfremden angefuͤllt, und an den Verkaufs⸗Stel⸗
921 5639 2737 5727 len zeigt ſich ein reges Leben, wie man es hier zu einer
914 5703 2118 5785 Fruͤhjahrs⸗Meſſe noch nicht geſehen hat.
1048 5766 2736 5845 Koͤln, 6. Maͤrz. In den Tagen vom 1 — 4ten Maͤrz
909 5830 2736 5919 ward hier zum ſiebenten Male der Carneval (wie bereits
2731 285 4388 394 gemeldet) nach herkoͤmmlicher Weiſe begangen. Die Vor
2732 348 4393 456 reitungen und Zuruͤſtungen zu demſelben hatten aber ſch
2734 417 4399 522 laͤngere Zeit vorher ihren Anfang genommen, und als Org
2736 485 4402 584 derſelben hatte das Carnevals⸗Comité auch ſeit der zweit
2741 558 4409 649 Haͤlfte des Februars eine eigene Carnevals Zeitung erſchein
2740 618 4401 720 laſſen, ein Blatt, dem man jedoch fuͤr die Zukunft eine ſtr
2734 683 4399 784 gere Auswahl in Hinſicht der aufzunehmenden Artikel w
2743 745 4403 853 ſchen moͤchte. Denn nicht Alles, was in einer luſtigen Geſ
2744 821 4354 920 ſchaft geſprochen wird, muß auch gleich gedruckt werden.
2746 883 4381 989 große Maskenzug, welcher am 2ten durch einen Theil
2750 949 4404 1047 Stadt ging und der eigentlich als der Mittelpunkt des g
2749 1018 4405 1121 zen Feſtes zu betrachten iſt, war reich und glaͤnzend. — T
2751 1083 4384 1176 der vielen Fremden und der recht allgemein verbreiteten
2752 1152 4403 1247 und Froͤhlichkeit hat nicht die mindeſte Unordnung ſt
2755 1254 3019 1319 gefunden.
2889 1279 4406 1374 Eine beſonders lobenswerthe Seite dieſer Luſtbarkeiten
2755 1348 4405 1450 die Verwendung aller Ueberſchuͤſſe zu wohlthaͤtigen Zwec
2755 1416 4405 1513 und zur Unterſtuͤtzung der hieſigen Armen. Man darf hoff
2758 1476 4404 1579 daß das Carnevals⸗Comité in ſeinen menſchenfreundlich
2760 1547 4403 1654 Zwecken auch dies Jahr durch eine reiche Einnahme un
2760 1615 4372 1715 ſtuͤtzt ſeyn, und ſich demnach bei vielen Duͤrftigen ein
2761 1697 3772 1770 bleibendes Andenken ſtiften werde.
2887 1744 4386 1847 Seit dem 1. Maͤrz iſt auch die hieſige Sehiffbruͤcke
2749 1814 4394 1916 der angefahren worden, und dadurch die Communication
2764 1880 4350 1975 dem rechten Rheinufer leichter und bequemer gemacht.
3147 2051 4183 2144 Vermiſchte Nachrichten.
3007 2130 4337 2244 (Schluß des geſtern abgebrochenen Artikels.)
2905 2212 4394 2303 Die definitive Schließung des Conclave geſchieht
2773 2280 4407 2377 nachdem das diplomatiſche Corps, die Praͤlatur und
2774 2346 4390 2440 Roͤmiſche Adel den Cardinaͤlen 3 Stunden hindurch
2771 2413 4423 2511 Aufwartung gemacht haben. In dieſer Abſicht fuͤllt ſich
2774 2477 4435 2576 dem Gelaͤute zum Ave Maria der große Hof des Palla
2774 2545 4413 2647 mit Wagen an, und die Menge Derjenigen, welche das
2778 2606 4397 2715 lige Collegium beſuchen wollen, in Uniformen oder
2778 2670 4423 2773 Kleidern, verbreitet ſich in den Corridors. Der gewoͤhn
2777 2737 4423 2842 Wunſch, der einem Cardinal von ſeinen Bekannten geb
2779 2807 4408 2909 wird, iſt:.,Auguro a Vostra Eminenza un felicissimo
2779 2866 4407 2973 clave!" (Ich verkuͤndige Ew. Eminenz das gluͤcklichſte
2780 2970 2977 3036 clave!)
2905 3004 4411 3107 Nach Verlauf der drei Stunden wird das Zeichen
2781 3068 4402 3177 Abſchiede gegeben, indem man dreimal mit einer Glock
2786 3137 4405 3231 tet. Alle Profanen ziehen ſich augenblicklich zuruͤck, der
2792 3207 4396 3298 Ceremonienmeiſter verkuͤndigt ihre Entfernung mit den
2790 3267 4420 3366 ten: „Extra omnes,“ und der Cardinal⸗Kaͤmmerling
2788 3328 4423 3434 ſchließt von innen die Communications⸗Thuͤren; daſſelbe
2789 3398 4425 3492 der Marſchall des Conclave von außen. Beide behalten
2788 3464 4419 3563 Schluͤſſel bis zu Ende des Conclave in ihrem Gewahr
2788 3532 4422 3633 Jetzt bezieht der Marſchall des Conclave mit ſeinem Gef
2792 3599 4406 3688 die Gemaͤcher im Erdgeſchoß, rechter Hand, nahe bei
2794 3667 4404 3768 großen Eingange des Pallaſtes, das Innere deſſelben
2796 3726 4422 3830 der große Hof werden von den Schweizern beſetzt. St
2796 3791 4421 3898 Abtheilungen der Linientruppen, der Miliz und der G
2799 3857 4426 3954 darmerie beſetzen den Platz des Quirinal und bewachen
2799 3926 4407 4033 Zugaͤnge zu demſelben. Dieſe Sicherheits⸗Maaßregeln
2801 3994 4429 4088 den durch die Conſtitutionen der Paͤpſte vorgeſchrieben
2801 4068 4426 4162 einer Zeit, wo die Heftigkeit der Partheien oder zum
2805 4129 4405 4229 auch eine fremde Macht die Freiheit der Wahl haͤtte
2804 4192 4413 4290 koͤnnen. Jetzt dient es nur zur Parade. Jeden Tag
2808 4264 4424 4362 ben ſich die 74 Pfarrer von Rom, begleitet von
2808 4332 4404 4435 geiſtlichen Corporationen, unter dem Geſange von
2813 4391 4426 4491 neien nach dem Pallaſt, ſtellen ſich im Viereck in
2815 4458 4421 4556 Mitte des großen Hofes auf, und ſchicken einen De
2815 4527 4417 4624 ten aus ihrer Mitte zu einer der Ruote im Erdge
2821 4594 4428 4695 um, indem ſie das Veni creator anſtimmen, den Cardin
2819 4659 4411 4766 ihre Gegenwart anzuzeigen; nachher entfernt ſich die
2798 4730 4381 4833 zeſſion aus dem Pallaſte. Eine zweite Feierlichkeit,
2822 4798 4424 4896 an jedem Tage wiederholt wird, iſt die Einbringung
2822 4863 4397 4965 Speiſen fuͤr einen jeden Cardinal. Zwei Diener in
2822 4929 4386 5030 bringen dieſelben auf einer Art von Trage, neben
2799 4999 4344 5097 Wagen, in welchem ſich der begleitende Edelmann,
2823 5066 4401 5163 fero genannt, befindet; ihm folgen 2 Diener mit dem
2824 5133 4404 5232 pen des Cardinals, und an Feiertagen ein zweiter
2829 5182 4426 5294 gen, mit einem Geiſtlichen, welcher von einer Diener
2821 5245 4438 5367 zu Fuß begleitet wird. Ein Ceremonien⸗Meiſter geht
2823 5309 4448 5432 Prozeſſion voran, und fuͤhrt ſie zu der Ruota an den E
2827 5386 4424 5486 des Corridor, wo ſie den wachthabenden Biſchoͤfen und
2829 5443 4448 5556 laten gemeldet wird. Dieſe muͤſſen auf das genaueſte
2829 5513 4419 5622 Schuͤſſeln unterſuchen, um nachzuſehen, ob ſich auch
2829 5582 4457 5687 verborgene Zettel darin befinden. Was nun die Regieru
2826 5636 4456 5747 Verwaltung waͤhrend des Conclave betrifft, ſo erhaͤlt
2831 5711 4456 5814 Cardinal⸗Kaͤmmerling fortwaͤhrend die ſchriftlichen Ber
2831 5790 4436 5887 der Behoͤrden uͤber diejenigen Angelegenheiten, deren
4416 288 6106 389 eidung dem Cardinal⸗Kaͤmmerling oder dem ganzen Colle⸗
4411 364 6107 454 um uͤberlaſſen bleiben muß. Eben ſo verwalten die uͤbri⸗
4455 431 6104 510 Beamten ihre Geſchaͤfte, und der Secretair des heiligen
4420 494 6114 587 llegiums empfaͤngt die diplomatiſchen Mittheilungen. Doch
4401 564 6103 659 uͤſſen alle die Papiere durch die Haͤnde des Marſchalls
4463 630 6103 711 der Waͤchter gehen. Dann darf auch jeder Cardi⸗
4465 695 6105 768 und Conclaviſt die Beſuche ſeiner Freunde an einer
4484 762 6105 841 den Ruote annehmen, nur ſchreiben die Conſtitu⸗
4422 830 6106 909 nen vor, daß dieſes in Gegenwart eines der Wachthaben⸗
4451 897 5984 974 geſchehe, und das dabei nicht leiſe geſprochen werde.
4459 964 6107 1038 Was nun das eigentliche Wahlgeſchaͤft betrifft, ſo geht
4462 1030 6105 1100 es in folgender Weiſe vor ſich. In der großen Kapelle
4450 1093 6106 1175 Quirinals, die Pauliniſche genannt, werden alle Vor⸗
4429 1165 6108 1243 rungen getroffen, um einen großen und freien Raum zu
4418 1224 6106 1305 winnen. Im Hintergrunde der Kapelle befindet ſich ein
4424 1288 6110 1371 tar, vor welchem ein Tiſch fuͤr die 3 Cardinales scruta-
4422 1354 6103 1434 res und fuͤr die drei Recognitores ſteht, welche taͤglich
4424 1419 6103 1505 rch das Loos erwaͤhlt werden. Jeder Cardinal hat einen
4419 1485 6104 1564 inen Tiſch vor ſich, um ſein Votum aufzuſchreiben. Sind
4455 1552 6102 1634 Cardinaͤle nun verſammelt, und iſt die Thuͤre der Ka⸗
4476 1614 6102 1702 geſchloſſen, ſo nimmt jeder Cardinal ein Blatt, welches
4467 1685 6103 1762 außen mit ſchwarzen Verzierungen bedeckt iſt, damit der
4441 1751 6104 1835 halt nicht verrathen werde, und außerdem in 3 Theile
4439 1817 6105 1903 getheilt und zuſammengefaltet iſt. Der obere Theil iſt
4475 1883 6105 1960 den Namen des Waͤhlers beſtimmt, der durch ſeine
4430 1951 6103 2033 ardinal⸗Biſchof⸗, Presbyter⸗ oder Diacon⸗Wuͤrde bezeich⸗
4460 2015 6102 2091 iſt; der zweite Theil erhaͤlt den Namen des Gewaͤhlten,
4476 2082 6102 2154 der dritte eine Deviſe. Jeder Theil wird von dem Car⸗
4496 2150 6103 2227 zweimal verſiegelt, und zwar dergeſtalt, daß, indem
4489 2217 6104 2287 die beiden Abtheilungen des Blatts, in denen die De⸗
4466 2285 6098 2352 und der Name des Candidaten enthalten ſind, oͤffnet,
4487 2350 6103 2416 den Namen des Waͤhlers nicht entdeckt, welcher, um
4465 2416 6104 2485 kannt zu bleiben, ſeine gewoͤhnliche Handſchrift ſo viel
4471 2485 5225 2553 moͤglich zu verſtellen pflegt.
4483 2551 6104 2618 Sind dieſe Zettel geſchrieben, ſo legt der Cardinal⸗De⸗
4472 2617 6102 2690 zuerſt den ſeinigen in einen von den beiden Kelchen,
4522 2683 6102 2749 auf dem Altar ſtehen. In dieſer Abſicht macht er
4477 2745 6100 2820 Kniebeugung gegen den Altar hin, legt das Papier in
4448 2815 6101 2883 Patena (Schaale), welche ſich neben dem Kelche befin⸗
4468 2879 6098 2951 um es ſo in die heilige Urne zu thun, und ſpricht dabei
4468 2944 6094 3013 lauter Stimme folgenden Eid aus. „Testor Christum
4449 3014 6102 3082 minum qui me judicaturus est, me eligere quem secun-
4482 3074 6098 3145 Deum judico eligi debere, et quod idem in Accessu
4441 3143 6101 3209 estabo.“ (Ich rufe den Herrn Chriſtus, der mich richten
4506 3205 6103 3275 zum Zeugen an, daß ich denjenigen waͤhle, welchen ich
4479 3269 6102 3338 Gottes Willen waͤhlen zu muͤſſen glaube, was ich auch
4454 3336 6102 3403 dem Accessus thun werde.) Die andern Cardinaͤle fol⸗
4460 3403 6100 3469 dem Decan, dem Range nach. Die letzten Worte des
4496 3470 6099 3539 beziehen ſich auf dasjenige, was geſchieht, wenn das
4442 3533 6102 3602 ultat nicht entſcheidend geweſen iſt. Um naͤmlich die
4450 3599 6101 3673 ige Majoritaͤt von zwei Dritteln zu erreichen, nimmt
4494 3669 6097 3733 Cardinal ein andres Blatt, welches man das des
4438 3733 6103 3801 essus nennt, uͤbrigens dem erſten vollkommen gleich, auf
4453 3800 6092 3868 aber in der zweiten Abtheilung ſtatt des Wortes „eligo“,
4465 3859 6089 3931 Vort „accedo“ ſteht. Will der Cardinal ſein Votum
4506 3925 6088 3995 aͤndern, ſo ſchreibt er unter accedo, „nemini“, will er
4446 3988 6083 4061 aͤndern, ſo ſchreibt er den Namen des Candidaten, welchem
4454 4051 6082 4125 ccedirt. Doch darf Niemand ſeinen eigenen Namen ſchrei⸗
4472 4122 6074 4191 ob es gleich nicht verboten iſt, ſich ſelbſt zu waͤhlen.
4459 4188 6078 4259 Merkwuͤrdigerweiſe ſteht es frei, zu erklaͤren, daß man
4448 4253 6080 4322 manden fuͤr wuͤrdig halte, gewaͤhlt zu werden, denn die
4531 4320 6079 4387 beſchraͤnken die Waͤhlbarkeit nicht auf das heilige
4446 4385 6077 4452 legium, ſondern ein einfacher Prieſter, ja ſogar ein Laie
4510 4453 6077 4520 gewaͤhlt werden, aber freilich nur unter der Bedin⸗
4516 4517 6071 4586 daß er ſogleich die ihm fehlenden Wuͤrden erhalte.
4511 4578 6076 4652 feierliche Wahl mit dem Acceſſus geſchieht ſo lange
4516 4650 6072 4720 2 Mal, bis daß zwei Drittheile der Stimmen ſich
4569 4713 6074 4789 haben. Tritt aber der Fall ein, daß gerade nur
4460 4770 6073 4854 erforderliche Anzahl von Stimmen vorhanden iſt, ſo
4491 4848 6072 4917 man die Wahlzettel ganz, um ſich zu uͤberzeugen, daß
4456 4899 6072 4985 Candidat ſich nicht ſelbſt aufgeſchrieben habe. Die Wahl
4462 4970 6071 5051 nguͤltig, ſo wie nur der geringſte Verſtoß in der Form
4476 5039 6070 5119 fallen iſt. Die mittlere Zeit fuͤr die Dauer eines Con⸗
4509 5107 6071 5189 iſt ſeit dem Anfange des 18ten Jahrhunderts, vier
4469 5231 6070 5319 Bei jedesmaliger Beendigung des Scrutiniums ver⸗
4521 5314 6069 5384 man die Zettel in einem Ofen, der zu dieſem Ende
4492 5371 6068 5450 dem Altar errichtet iſt. Der aus der Roͤhre deſſelben
4477 5429 6072 5517 ſteigende Rauch iſt das Signal, welches die neugierige
4513 5513 6070 5582 erwartet, die ſich taͤglich um 10 Uhr Morgens und
4480 5560 6066 5649 Otunden vor Sonnen⸗Untergang dort verſammelt,
4495 5631 6067 5716 die Erſcheinung des Rauchs etwas verzoͤgert, ſo
4471 5692 6064 5782 thet man, daß die Wahl ſchon ſtatt gefunden
4495 5774 6064 5852 und daß man ſich mit der genauen Reviſion der
6199 303 7986 383 Wahlzettel beſchaͤftige. Jetzt waͤchſt die Volksmenge jeden
6195 375 7982 443 Augenblick, von Minute zu Minute erwartet man den Ton
6196 442 7983 512 der Trommeln und den erſten Cardinal⸗Diaconus, welcher
6197 511 7975 582 den vermauerten Eingang zum Balkon der Façade von St.
6196 576 7923 647 Peter oͤffnen laͤßt, heraustritt und folgende Worte ſpricht:
6334 643 7980 717 „Annuncio vobis gaudium magnum, habemus Papam
6193 706 7979 780 Eminentissimum Dominum Cardinalem N. N., qui nomen
6194 774 6824 838 sibi imposuit N. N.“
6357 837 7978 913 (Ich verkuͤndige euch große Freude, wir haben zum
6195 907 7979 976 Papſt Se. Eminenz den Herrn Cardinal N. N., welcher ſich
6196 973 7180 1049 den Namen N. N. beigelegt hat.)
6848 1171 7331 1245 (Eingeſandt.)
6333 1233 7984 1304 Der Hamburger Correſpondent und die Voſſiſche Zeitung
6195 1295 7979 1369 meldeten kuͤrzlich beide, daß mit dem zu Wuͤrzburg in einem
6194 1361 7977 1434 Alter von 83 Jahren verſtorbenen Kaiſerlichen Kammerherrn
6194 1428 7980 1498 Grafen Wrſſowre (Werſchowitz) der beruͤhmte uralte Stamm
6195 1496 7977 1565 der Wrſſowre ausgeſtorben ſey. Der Koͤnigl. Preußiſche
6191 1561 7975 1630 Lieutenant im Garde⸗Uhlanen⸗Regimente, Graf Ratibor von
6191 1628 7974 1696 Werßowitz zu Potsdam widerſpricht im Berliner Intelligenz⸗
6191 1693 7980 1762 Blatte vom 10. Maͤrz dieſem Vorgeben, und behauptet, daß
6190 1755 7980 1830 er, ſeine Bruͤder und noch andere des Stammes als wahre
6190 1820 7975 1892 Abkoͤmmlinge dieſer uralten hoͤchſt merkwuͤrdigen Familie noch
6189 1890 6448 1955 exiſtirten.
6327 1959 7968 2028 Daß die Wrßowize ſchon ſo fruͤh eine der maͤchtigſten
6189 2024 7973 2093 Familien Boͤhmens, ja faſt die gefuͤrchteten Nebenbuhler der
6188 2092 7973 2159 Herzoͤge von Boͤhmen geweſen ſind, iſt eine ſo bekannte
6190 2157 7971 2225 Thatſache, daß ſie nicht in Zweifel gezogen werden kann;
6193 2223 7973 2292 daß ſie aber ſchon damals, zu einer Zeit, wo noch keine Fa⸗
6190 2289 7973 2358 milien⸗Namen uͤblich waren, ihren jetzigen Familien⸗Namen
6190 2354 7969 2426 fuͤhrten, iſt ſehr auffallend und doch kaum zu bezweifeln.
6190 2422 7972 2492 Einige unbeſtrittene hiſtoriſche Facta werden dieſes hinrei⸗
6191 2491 6610 2554 chend darthun.
6324 2553 7974 2623 Jaromir, dritter Sohn Herzogs Boleslaus des From⸗
6190 2618 7975 2689 men, hatte ſich beim Volke beliebt gemacht, ſo daß ſein aͤlte⸗
6190 2684 8004 2754 rer Bruder, Boleslaus der Rothe, ihn fuͤrchtete, welches ihn
6189 2749 7973 2825 noͤthigte, 1002 nach Baiern zu fliehen. Von dem Volke
6188 2819 7970 2895 1003 zuruͤckgerufen, und als Herzog anerkannt, ward er von
6185 2881 8031 2954 Kohan Wrßowiz 1003 toͤdtlich verwundet, und darauf von
6186 2946 7976 3020 ſeinem Bruder Boleslaus aus dem Lande gejagt. Dieſer
6184 3012 7973 3086 hielt ſich aber nicht lange, weil er 1003 an einem Gaſtmahle
6183 3077 7975 3146 mehrere Große hinrichtete, und ſogar dem Gemahl ſeiner
6188 3145 7683 3209 Tochter, einem Wrſſowre, ſelbſt den Kopf ſpaltete.
6325 3210 7982 3281 Enim vero cum Boleslaus Bohaemensis cerneret po-
6189 3274 7976 3343 pulum suum execrando ritui deditum in maxima securi-
6188 3343 7972 3411 tate constitutum impietatem suam ad confrigenda foedera
6186 3403 7969 3480 pacis, quam Sacramentis firmaverat, in tantum armavit,
6188 3472 7974 3540 ut collectis in unam domum coram se cunctis optimati-
6186 3537 7965 3607 bus, primo generum suum gladio in caput ejus merso ipse
6185 3603 7981 3674 occideret caeterosque inermes in ipsa sancta Quadrage-
6187 3669 6698 3722 sima interſiceret.
6320 3735 7958 3804 Ditmarus Mersob. pag. 371 bei Gebhardi. Genealogiſche
6249 3801 7956 3868 Geſchichte der erblichen Reichsſtaͤnde in Deutſchland, T. III.
6243 3865 7963 3936 p. 26.; imgleichen die zweite Tafel, Stamm der aͤlteſten
6239 3929 7830 4007 Herzoͤge und Koͤnige von Boͤhmen, ibid. ad pag. 17.
6291 3991 7956 4077 Boleslaus mußte nach dieſer Unthat fliehen, und Kaiſer
6165 4059 7956 4138 Heinrich II. ſetzte Jaromir 1004 wieder ein, und regierte
6168 4126 7954 4202 dieſer ruhig bis 1012. In dieſem Jahre aber entſtand in
6167 4192 7956 4268 Boͤhmen ein Aufruhr, Jaromir mußte ſeinem juͤngern Bru⸗
6167 4259 7951 4334 der Ulrich die Regierung uͤberlaſſen und nach Polen fliehen.
6164 4324 7950 4396 Er kehrte zwar 1013 nach Boͤhmen zuruͤck, ward aber von
6165 4390 7948 4464 dieſem ſeinem Bruder gefangen genommen, und die Wrßo⸗
6164 4458 7946 4529 wize veranlaßten den Herzog Ulrich, ſeinen Bruder Jaromir
6164 4525 7956 4593 in ewiger Gefangenſchaft in Lyſſa zu halten. Aus dieſer
6164 4587 7950 4659 Gefangenſchaft ward er 1032 zwar befreit, wie der Kaiſer
6164 4654 7969 4725 ſeinen Bruder Ulrich des Landes verwies, und er alſo die
6164 4720 7949 4791 Regierung uͤbernehmen konnte; Ulrich kehrte aber ſchon
6164 4786 7944 4857 1034 zuruͤck und mußte Jaromir ihn zum Mitregenten an⸗
6162 4851 7947 4922 nehmen. Die Wrßowize bewogen aber den Herzog Ulrich
6161 4914 7945 4992 ſchon am dritten Tage ſeiner Ankunft in Prag, ſeinen Bru⸗
6162 4983 7943 5054 der Jaromir gefangen zu nehmen und ihn blenden zu laſſen.
6161 5045 7944 5124 Nach dem Tode Ulrichs 1037 ward Jaromir zwar befreit,
6162 5116 7942 5184 trat aber die Regierung Ulrichs Soͤhnen ab. Seine Frei⸗
6161 5181 7947 5250 heit ſetzte aber doch die Wrßowize in Schrecken und toͤd⸗
6161 5248 7948 5317 teten ſie ihn daher meuchelmoͤrderiſcher Weiſe auf dem heim⸗
6161 5314 7180 5376 lichen Gemache den 4. Nov. 1038.
6296 5379 7948 5449 Die Macht der Wrßowize verminderte ſich keinesweges
6159 5446 7944 5515 unter den folgenden Regierungen. Herzog Brzetislav II.
6161 5512 7941 5580 oder der Juͤngere erfuhr bald die Wirkungen ihrer Macht,
6160 5581 7942 5645 denn er ward, da er mit dem maͤchtigen Geſchlechte der
6161 5644 7938 5713 Wrßowize im ſteten Streite lebte, auf Veranlaſſung derſel⸗
6156 5711 7939 5778 ben anno 1100 auf der Jagd ſo ſchwer verwundet, daß er
6153 5778 7584 5854 zwei Tage darauf, am 22. Dec. 1100, verſchied.
