10344 6936
3076 294 3197 352 970
875 357 2329 432 eine Menge von Schaluppen und Boͤten kreuzten im Hafen
870 409 2327 476 umher und ein allgemeiner Jubelruf, von Kanonendonner be⸗
867 465 2324 531 gleitet, empfing und geleitete den hochverehrten Monarchen. Se.
869 517 2325 590 Majeſtaͤt geruhten die erſten Beamten der Stadt und des Ha⸗
868 568 2322 631 fens, die ſich mit dem Lootſen⸗Commandeur in einem Boote
867 625 2323 692 naͤherten, um Allerhoͤchſtdero Befehle einzuholen, an Bord zu
870 680 2320 742 nehmen. Das Dampfſchiff fuhr ohne Aufenthalt langſam aus
871 733 2321 793 dem Hafen in die hohe See, und in einer Entfernung von einer
868 784 2318 848 Viertelmeile hinter den Moolen, welche Se. Majeſtaͤt mit dem
866 837 2313 899 Situations⸗Plane in der Hand paſſirten, entließen Allerhoͤchſt,
865 891 2315 952 dieſelben die gedachten Beamten ſehr huldvoll. Um 1 Uhr ver⸗
859 942 2315 1006 ließ die „Iſchora“, nachdem ſie den Ruſſiſchen Kriegslugger
854 993 2312 1058 „Oranienbaum“ von 10 Kanonen an das Schlepptau genommen
852 1048 2310 1113 hatte, um ſich deſſelben fuͤr unvorhergeſehene Faͤlle bedienen zu koͤnnen,
855 1102 2310 1164 die Swinemuͤnder Rhede. — Von den außer jenem Lugger am
853 1155 2310 1214 17ten und 18ten d. M. in Swinemuͤnde angekommenen Kaiſer⸗
855 1208 2310 1271 lich Ruſſiſchen Kriegsſchiffen, naͤmlich dem Dampfſchiffe „Her⸗
852 1262 2308 1318 cules“ von 24 Kanonen, der Korvette „Navarin“ von 20 Kano⸗
850 1315 2308 1374 nen, den Fregatten „Pallas“ und „Caſtor“, jede von 52 Kano⸗
848 1371 2306 1424 nen, und dem Kriegsſchooner „Raduga“ von 14 Kanonen, die
851 1422 2305 1483 dem Dampfſchiffe „Iſchora“ auf der Fahrt von St. Petersburg
848 1474 2305 1533 dorthin als Begleitung gedient hatten, und von denen die Fre⸗
846 1527 2305 1588 gatten auf der Rhede, die uͤbrigen Fahrzeuge aber im innern
846 1578 2304 1641 Hafen vor Anker gegangen waren, hatte der „Hercules“ bereits
848 1632 2300 1693 am 21ſten die Ruͤckfahrt nach St. Petersburg angetreten und
845 1683 2302 1749 die übrigen Kriegsſchiffe waren ihm am 23ſten gefolgt und er⸗
840 1740 2300 1796 warteten die „Iſchora“ in der See, um derſelben das Geleite
834 1790 2298 1854 nach Pillau zu geben. Die Ruſſiſchen Offiziere hatten waͤhrend
838 1840 2299 1905 ihres Aufenthalts bei Swinemuͤnde auf die freundlichſte Weiſe
834 1899 2297 1958 mit den Einwohnern und den Badegaͤſten ſowohl auf dem Lande
833 1950 2295 2012 als am Bord ihrer zahlreich beſuchten Schiffe verkehrt, und
830 2005 2192 2065 mehreren ihnen zu Ehren veranſtalteten Baͤllen beigewohnt.
1146 2150 1984 2207 Meteorologiſche Beobachtung.
913 2708 2284 2765 Am 25ſten waren die Anzeigen der Inſtrumente: 334,68'''.
810 2742 2283 2810 336,10'''. 336,22'''. — 13,2°. 18,7°. 11,2 °R — 11,5°. 6,3°.
811 2796 2283 2869 9,7 °R. — 88, 67, 90 pCt. — Ausduͤnſt. 0,129 ''Rh. — Niederſchl.
808 2854 1030 2896 0,071 Rh.
1144 2996 1955 3058 Auswärtige Börsen.
1262 3078 1838 3126 Amsterdam, 22. August.
907 3116 2280 3183 Niederl. wirkl. Schuld 51 ¼ 5 % do. 97 ¾. Ausg. Schuld —
807 3165 2268 3233 Kanz-Bill. 22 4 ½ % Amort. 89 11/16. 3 ½ % 71 ⅝. Russ. (v. 1831) 96 7/16
805 3218 2274 3281 Preuss. Prämien-Scheine 101 ¾. do. 4 % Anl. —. Oesterr. 97 ¼.
801 3265 1300 3316 5 % Span. 44 ¾. 3 % 30 ¼.
2845 380 3423 435 Antwerpen, 21. August.
2501 421 3840 476 Span. 5 % 42. Zinsl. 10. Cortes 33. Neap. 88 ⅛. Bras. 77.
2889 477 3379 523 London, 22 August.
2495 515 3868 572 Cons. 3 % pr. compt. 90 ⅗. Belg. 99. Span. 44 ¾. ½. 3 % 28.
2399 560 3867 626 Holl. 2 ½ % 51. 5 % 98 ⅞. Port. 83 ¾. Engl.-Russ. 106 ½. Bras. 78 ½.
2399 608 2889 653 Columb. 30. Mex. 40.
2790 661 3466 712 St. Petersburg, 19. August.
2473 703 3866 761 London 3 Mt. 10 ⅔ ⅔. Hamburg 3 Mt. 9 ¾. Amst. 3 Mt. 53 ¾.
2396 749 3860 805 Paris 3 Mt. 113. Silber-Rubel 358. 5 % Silber-Inser. II. Serie 96.
2392 798 2760 842 6 % in B. A. 126.
2898 851 3328 899 Wien, 22 August.
2485 893 3857 949 5 % Met. 98 21/32. 4 % 88 ¼. Bank-Actien 1236 ⅙. Neue Anleihe v.
2389 942 2608 984 1834 550 ⅝.
2688 1059 3536 1114 Koͤnigliche Schauſpiele.
2492 1108 3857 1186 Donnerſtag, 28. Auguſt. Im Schauſpielhauſe: Sympho-
2386 1164 3853 1230 nie Eroica, von L. van Beethoven. Hierauf: Iphigenie auf
2383 1215 3388 1276 Tauris, Schauſpiel in 5 Abth., von Goͤthe.
2489 1270 3850 1334 Freitag, 29. Auguſt. Im Opernhauſe: Don Juan, Oper
2382 1324 3850 1391 in 2 Abth., mit Tanz. Muſik von Mozart. (Hr. J. Poͤck,
2382 1376 3843 1440 Saͤnger des ſtaͤndiſchen Theaters zu Prag: Don Juan. Dlle.
2381 1428 3823 1493 Lutzer, von demſelben Theater: Donna Anna, als Gaſtrollen.)
2655 1537 3579 1596 Koͤnigſtaͤdtiſches Theater.
2483 1589 3848 1653 Donnerſtag, 28. Auguſt. Zum erſtenmale wiederholt: Die
2377 1639 3847 1703 Saͤngeren und die Naͤherin, Poſſe in 4 Akten, nach Xaviers
2374 1695 3847 1762 Idee, frei bearbeitet von L. Angely. Hierauf: Gluͤckskind
2376 1747 3566 1811 und Ungluͤcksvogel, Poſſe in 1 Akt, von L. Angely.
2483 1799 3844 1864 Freitag, 29. Auguſt. Der boͤſe Geiſt Lumpacivagabundus,
2375 1854 3845 1918 oder: Das liederliche Kleeblatt, Zauberpoſſe mit Geſang in 3
2374 1906 3842 1971 Akten. Muſik von A. Muͤller. (Hr. Beckmann: Knieriem.
2372 1959 2789 2011 Hr. Plock: Leim.)
2479 2004 3845 2078 Sonnabend, 30. Auguſt. Joſeph in Aegypten, Oper in 3
2372 2064 3547 2129 Abth, nach Alexander Duval. Muſik von Mehul.
2639 2232 3568 2313 Neueſte Nachrichten.
2477 2324 3839 2389 Paris, 21. Auguſt. Der Koͤnig arbeitete geſtern mit meh⸗
2368 2377 3839 2441 reren Miniſtern. Uebermorgen verlaſſen Se. Majeſtaͤt und die
2366 2429 3838 2494 geſammte Koͤnigl. Familie das Schloß der Tuilerieen, um das
2368 2483 3695 2554 Ende der ſchoͤnen Jahreszeit in Saint⸗Cloud zuzubringen.
2470 2537 3836 2603 Der Miniſter des Innern, Herr Thiers, iſt geſtern Abend
2365 2590 3836 2658 von hier nach Dieppe abgereiſt, wohin er ſeine Gattin begleitet,
2364 2645 3834 2709 die das dortige Seebad gebrauchen ſoll. Er wird, ſagt man, im
2362 2694 3831 2760 Laufe der naͤchſten Woche zuruͤckerwartet. Waͤhrend ſeiner Ab⸗
2361 2749 3834 2814 weſenheit unterzeichnet der Handels⸗Miniſter die Sachen ſeines
2359 2801 3833 2870 Departements, und der Conſeils⸗Praͤſident erhaͤlt ausſchließlich
2359 2857 3021 2907 die telegraphiſchen Depeſchen.
2465 2908 3836 2977 Die Nachricht, daß die Kommiſſion des Pairshofes ihre ge⸗
2359 2961 3833 3031 richtlichen Verhandlungen im Schloſſe des Kleinen⸗Luxemburg
2359 3012 3833 3087 beendigt habe, beruhte auf einem Irrthum; die mit der Inſtruc⸗
2358 3070 3833 3135 tion des Prozeſſes beauftragten Pairs ſetzen vielmehr ihre Ge⸗
2356 3120 2903 3171 ſchaͤfte unausgeſetzt fort.
2421 3171 3830 3248 Das Journal de Paris giebt eine geſtern hier einge⸗
2350 3225 3827 3301 troffene telegraphiſche Depeſche, wonach Don Carlos am 15ten
2349 3283 3825 3352 in Bermeo ſtand. Rodil war an demſelben Tage von Marquina
3951 391 5232 469 aufgebrochen, um ihm an der Spitze von 7000 Mann
3949 445 5221 512 gen, waͤhrend Jaureguy aus Durango mit 3000 Mann
3950 498 5206 568 ſchirt war. Einer zweiten Depeſche von demſelben Tage
3949 550 5202 615 befand ſich Zumalacarreguy mit den Navarreſen noch in
3946 602 5248 678 Zwei Mitglieder der Junta, die aus Biscaya nach Eliſond
3946 653 5230 724 ruͤckgekehrt waren, meldeten, daß Don Carlos ſich wieder
3944 707 5192 769 ſchiffen ſuche. Eine dritte Depeſche endlich, datirt aus
3942 763 5251 839 vom 19ten, und durch die Dunkelheit unterbrochen, zeigt an, daß
3941 812 5214 883 einer Meldung des Gouverneurs von Toloſa, Don Carlos
3938 866 5250 935 geringer Mannſchaft durch Aramayona gekommen ſey und
3937 916 5222 985 Onate marſchire. Aramayona iſt ein Dorf 10 oder 12
3937 970 5212 1036 hinter Bermeo. „Da die eintretende Nacht uns nicht
3934 1023 5246 1098 hat, ein Mehreres zu erfahren“, ſagt das miniſterielle Blatt
3934 1077 5242 1148 ſind wir uͤber die Urſache dieſer ruͤckgaͤngigen Bewegung des
3933 1125 5237 1207 Carlos vorlaͤuſig noch im Dunkeln. Das Wahrſcheinlich
3931 1184 5236 1251 daß es dem Rodil und Jaureguy gelungen, ſich zwiſchen
3929 1234 5246 1304 Carlos und der Küſte, wo Jener ſich wahrſcheinlich hatte ein
3930 1288 5223 1359 fen wollen, aufzuſtellen, und daß ſie ihn dadurch genoͤthigt
3929 1343 4424 1395 wieder umzuwenden.“
4031 1394 5244 1463 Die Gazette de France dagegen glaubt ſich dafuͤr
3929 1446 5252 1522 buͤrgen zu koͤnnen, daß am 12. Auguſt 4000 Alaveſen unter
3928 1499 5208 1570 Anfuͤhrung des Generals Villareal in Caſtilien eingeruͤckt
3928 1552 5222 1612 um zu Merino zu ſtoßen, der an der Spitze von 4000
3927 1607 5245 1683 und 500 Pferden ſtehe. Das eben erwaͤhnte Blatt ſagt
3928 1658 5221 1718 in Bezug auf die obigen telegraphiſchen Mittheilungen des
3925 1712 5248 1791 nal de Paris, daß dieſe Mittheilungen nichts als ein Belag
3928 1764 5245 1839 die voͤllige Unwiſſenheit der Regierung uͤber die Bewegu
3926 1816 4467 1862 des Don Carlos waͤren.
4024 1869 5247 1947 Heute Morgen ſoll abermals eine telegraphiſche Dep
3920 1923 5248 1993 aus Bayonne hier eingegangen ſeyn. (Ohne Zweifel diejen
3921 1978 5223 2041 die oben unter Paris vom 22ſten mitgetheilt worden iſt.)
4027 2029 5237 2090 Man ſagt, der Herzog von Frias habe bei dem Mi
3923 2083 5216 2141 der auswaͤrtigen Angelegenheiten Beſchwerde wegen der
3921 2135 5240 2205 regel des Finanz⸗Miniſters gefuͤhrt, wonach die Anzeigen
3922 2186 5245 2252 den Ruͤckkaͤufen der Spaniſchen Tilgungs⸗Kaſſe kuͤnftig an
3919 2240 5252 2308 Boͤrſe nicht mehr angeſchlagen werden duͤrfen. Faktiſch iſt
3920 2293 5240 2361 daß die Ruͤckkaͤufe fortdauern, auch daß der Spaniſche Fi
3918 2346 5055 2398 Agent keinen Befehl erhalten hat, ſie einzuſtellen.
4019 2400 5240 2471 Der ehemalige Gouverneur von Catalonien, Graf
3916 2452 5247 2522 Espagne, iſt aus Tours, wo er unter polizeilicher Aufſicht ſt
3915 2508 4218 2556 verſchwunden.
4013 2557 5228 2618 — Heute ſchloß 5 proc. Rente pr. compt. 105. 90. fin
3918 2614 5237 2669 105. 95. 3 proc. pr. compt. 75. 15. fin cour. 75. 25.
3915 2665 5236 2726 Neap. pr. compt. 93. —. fin cour. 93. 10. 5 proc. Span.
3913 2720 5227 2778 40 ⅜. 3 proc. do. 26 ¾. Cortes 33. Ausa. Span. Schuld
4015 2770 5251 2835 Frankfurt a. M., 24. Auguſt. Oeſterr. 5 proc. M
3911 2826 5253 2890 99 7/16 4 proc. 89 7/16. Bank⸗Aktien 1488. G. Part.⸗Oblig.
3911 2876 5255 2941 Looſe zu 100 Gulden —. Preuß. Praͤmien⸗Scheine 56 ½.
3909 2929 5169 2990 Holl. 5 proc. Oblig. 95 7/16. G. Poln. Looſe 65 ¼. Br.
3912 2982 4685 3037 5 proc. Rente 39. 3 proc. 25 ¼. G.
4438 3118 4860 3156 Redacteur Cottel.
4675 3225 5248 3278 Gedruckt bei A. W. Hayn.
1509 3419 4680 3569 Allgemeiner Anzeiger fuͤr die Preußiſchen Staaten.
969 3554 1772 3637 Bekanntmachungen.
1002 3649 1736 3696 Subhaſtations⸗Patent.
850 3692 1925 3754 Zum öffentlichen Verkaufe der zur Victor Graf v.
795 3742 1922 3795 Szoldrskiſchen Concursmaſſe gehoͤrigen, im Großher⸗
793 3792 1924 3844 zogthum Poſen und deſſen Koſtner Kreiſe belegenen
794 3839 1925 3891 Herrſchaft Czempin, beſtehend aus der Stadt Czem⸗
794 3885 1926 3937 pin und den dazu gehoͤrigen Doͤrfern Piechanin, Tar⸗
792 3935 1923 3987 nowo, Borowko, Griybno und Kraykowo ſteht ein per⸗
791 3982 1924 4035 emtoriſcher Bietungs⸗Termin auf den 28. Februar
799 4029 1923 4083 1835, Vormittags um 9 Uhr, in unſerm Geſchaͤfts⸗
790 4078 1926 4130 Locale vor bem Deputirten Herrn Landgerichts⸗Rath
789 4126 1924 4178 Grafen von Poſadowski hierſelbſt an, wozu Kaufluſtige
789 4175 1923 4226 mit dem Bemerten eingeladen werden, daß die Taxe
789 4221 1919 4272 und der neueſte Hypotheken⸗Schein, ſo wie die Kauf⸗
785 4263 1920 4322 Bedingungen zu jeder ſchicklichen Zeit in unſerer Con⸗
788 4314 1688 4366 curs⸗Regiſtratur eingeſehen werden koͤnnen.
844 4365 1917 4416 Nach der gerichtlichen Taxe vom 30. und reſp. 29.,
784 4412 1920 4464 23., 26. und 27. Juni d. J., iſt die Stadt Czempin
785 4454 1920 4520 nebſt den Doͤrfern Borowko und Piechanin ausſchließ⸗
785 4506 1919 4557 lich der auf 8663 Thlr. 26 ſgr. 8 pf. geſchaͤtzten per⸗
780 4554 1917 4606 ſoͤnlichen und gewerblichen Abgaben auf 66,748 Thlr.
786 4601 1913 4655 10 ſgr. 4 pf., Tarnowo auf 21,149 Thlr. 27 ſgr. 5 pf.,
781 4649 1915 4704 Griybno auf 21,873 Thlr. 9 ſgr. 5 ¾ pf. und Kraykowo
781 4698 1917 4750 mit Inbegriff der Kuberskiſchen Krug⸗Nahrung auf
777 4743 1915 4799 21,762 Thlr. 21 ſgr. uͤberhaupt alſo auf 131,534 Thlr.
776 4790 1916 4851 8 ſgr. 2 ¾ pf. und mit Hinzurechnung der gewerblichen
781 4841 1915 4897 und perſoͤnlichen Abgaben der Stadt Czempin auf
783 4887 1757 4938 140,198 Thlr. 4 ſgr. 10 ¾ pf. gewuͤrdigt worden.
838 4937 1497 4983 Frauſtadt, den 7. Auguſt 1834.
935 4971 1752 5037 Koͤnigl. Preuß. Landgericht.
1369 5032 1714 5080 Neigebaur.
990 5171 1724 5216 Subhaſtations⸗Patent.
831 5219 1911 5270 Zum Verkauf des im Inowraclawer Kreiſe, Brom⸗
775 5267 1911 5318 berger Regierungs⸗Departements, belegenen, adeligen
773 5311 1910 5373 Gutes Polanowice, welches auf 72,474 Thlr. 5 ſgr.
772 5360 1911 5411 landſchaftlich abgeſchaͤtzt worden, ſteht im Wege der
772 5409 1914 5462 nothwendigen Subhaſtation ein Bietungs⸗Termin auf
966 5456 1727 5507 den 2. Februar 1835,
771 5507 1911 5558 vor dem Deputirten Herrn Ober⸗Landesgerichts⸗Aſſeſſor
770 5553 1909 5605 Michels in unſerm Inſtructions⸗Zimmer an, zu wel⸗
770 5599 1909 5657 chem Kaufluſtige mit dem Bemerken vorgeladen wer⸗
769 5646 1906 5705 den, daß die im Jahre 1833 aufgenommene landſchaft⸗
771 5693 1903 5750 liche Taxe und der juͤngſte Hypotheken⸗Schein in un⸗
768 5743 1640 5792 ſerer Regiſtratur eingeſehen werden kann.
876 5792 1908 5837 Zugleich werden folgende Real⸗Intereſſenten, als:
826 5836 1866 5887 1) die Erben des Beſitzers Theodor v. Rozniecki;
820 5885 1909 5936 2) die Helena Pudicianna, geborne v. Rozniecka ver⸗
899 5931 1380 5981 ehelichte v. Dziminska;
819 5973 1426 6029 3) der Roman v. Pomorski;
818 6017 1685 6077 4) der Miecznik Peter v. Trzebuchowski;
821 6075 1453 6127 5) der Paͤchter v. Vadkowski;
768 6122 1418 6176 zu dieſem Termine vorgeladen.
820 6171 1452 6219 Bromberg, den 1. Juni 1834.
904 6214 1786 6269 Koͤnigl. Preuß. Landgericht.
1435 6268 1695 6318 Hevelke.
821 6405 1895 6458 Die Hercules⸗Mühle in Bromberg ſoll nach
767 6452 1893 6505 der Uebereinkunft der Beſitzer derſelben oͤffentlich an
771 6503 1890 6559 den Meiſtbietenden in dem am 2ten Oktober die⸗
770 6549 1890 6602 ſes Jahres in Bromberg in dem Muͤhlen⸗Wohnhauſe
770 6597 1890 6650 anberaumten Termine und unter den dort bekannt zu
763 6641 1632 6692 machenden Bedingungen verkauft werden.
2004 3565 3076 3628 Dieſes bedeutende und an Umfang kaum aͤhnliche
1957 3613 2633 3668 Muͤhlen⸗Grundſtuͤck beſteht aus:
2000 3661 3057 3730 3 großen maſſi en Gebaͤuden mit 17 Mahlgaͤngen;
2002 3709 3083 3782 1 großen von Holz errichteten Gebaͤude mit 2
2045 3754 3071 3817 Mahlgaͤngen, 1 Lohmuͤhle mit 4 Stampfen und
2047 3805 2741 3860 1 Walkmuͤhle mit 10 Haͤmmern;
1988 3845 3069 3926 1 neuen mit 2 Gattern eingerichteten Schneide⸗
2041 3898 3070 3969 Muͤhle um einen Block mit einem Male zu ſchneiden;
1999 3947 2632 4004 1 großen maſſiven Wohnhauſe;
1998 3995 2442 4047 1 kleinen desgleichen;
1969 4042 2742 4104 1 Mittel⸗Wohnhauſe von Fachwerk;
1987 4087 3067 4156 1 guten Speicher desgleichen, das untere Stock⸗
2042 4139 2471 4191 werk jedoch gewoͤlbt;
1994 4184 2620 4241 1 großen Garten beim Hauſe;
1993 4230 3067 4299 ohngefaͤhr 14 Morgen Land und 18 Morgen Wieſen.
1981 4278 3065 4345 Mehrere Schuppen, Stallgebaͤude, Schirrhaus und
1948 4327 3065 4389 einige freie Bauplaͤtze; ſaͤmmtliche Gebaͤude, Muͤhlen⸗
1950 4374 3061 4439 und Schleuſen⸗Werke befinden ſich in einem ſehr gu⸗
1949 4422 3062 4485 ten Zuſtande, liegen an der ſchiffbaren Brahe und nur
1948 4471 2739 4527 eine Meile von der Weichſel entfernt.
1981 4610 3026 4694 Das pharmaceutiſche Inſtitut zu Halle
1943 4672 3058 4748 eroͤffnet, wie gewoͤhnlich, auch mit Anfange des fol⸗
1943 4728 3062 4793 genden Semeſters, Michaelis d. J., einen neuen Lehr⸗
1944 4774 3059 4838 Curſus. Die Meldungen zur Theilnahme werden
1945 4822 2404 4872 nicht zu ſpaͤt erwartet.
1989 4871 2495 4923 Halle, Ende Juli 1834.
2077 4942 3058 5009 Profeſſor Dr. Fr. W. Schweigger⸗Seidel,
2288 4996 2866 5054 als Dirigent dieſer Anſtalt.
2046 5136 2952 5236 Literariſche Anzeigen.
1987 5227 3076 5300 Bei G. Baſſe in Quedlinburg ſind ſo eben erſchie⸗
1942 5281 3054 5337 nen und in allen Buchhandlungen (in Berlin bei E.
1942 5325 2861 5383 S. Mittler, Stechbahn Nr. 3) zu haben:
2115 5380 2877 5446 Bonapartiana.
1941 5444 3047 5510 Auserleſene Sammlung von Anekdoten, Charakterzuͤ⸗
1940 5490 3047 5557 gen, Bonmots, witzigen und launigen Einfaͤllen, finn⸗
1942 5539 3052 5601 reichen Gedanken und tiefgedachten Bemerkungen Na⸗
1937 5589 3048 5648 poleon Bonaparte's, nebſt einer chronologiſchen Ueber⸗
1939 5634 3050 5697 ſicht ſeiner glaͤnzendſten Thaten. Herausgegeben von
1936 5683 3045 5743 C. d'Avalon. Nach der dritten franzoͤſiſchen Ori⸗
1983 5730 3006 5793 ginal⸗Ausgabe uͤberſetzt. 8 vo. geh. Preis 25 ſgr.
1983 5778 3049 5848 Eine hoͤchſt intereſſante Schrift, die Napoleon und
1937 5823 3055 5893 ſeine großartig bewegte Zeit, auf die wir jetzt mit
1939 5874 3048 5936 Unparteilichkeit zuruͤckblicken, in vielen intereſſanten
1939 5913 3049 5981 Zuͤgen, Anekdoten und lebhaften Gemaͤlden unſern
1945 5967 3049 6031 Blicken vorfuͤhrt. Das Furchtbare des Napoleoniſchen
1939 6013 3052 6078 Kaiſerreichs iſt geſchwunden; wir ergoͤtzen uns hier
1941 6062 3051 6126 noch an ſo mannichfachen Begebenheiten, die den gro⸗
1935 6108 3070 6176 ßen Mann und ſeine Zeitgenoſſen treffend charakteri⸗
1933 6152 2030 6201 ſiren.
2107 6206 2874 6266 Politiſches Leben des Füͤrſten
2021 6256 2932 6332 C. M. v. Talleyrand.
1933 6324 3045 6386 Von Alex. Sallé. Aus dem Franzoͤſiſchen. 8 vo.
2212 6375 2758 6430 geh. Preis 1 Thlr. 5 ſgr.
1960 6419 3041 6482 Wem hat er nicht Stoff zur Unterhaltung gegeben,
1923 6466 3044 6527 dieſer Hofmann im Praͤlaten⸗Gewande, dieſer beredte
1922 6511 3039 6576 Deputirte, dieſer feine, ſchlaue Diplomat, deſſen Lauf⸗
1922 6562 2484 6614 bahn in alle Epochen faͤllt?
3150 3581 4232 3641 Im Verlage von J. D. Sauerlaͤnder in Frank⸗
3096 3623 4230 3692 furt iſt erſchienen und durch alle Buchhandlungen zu
3099 3679 3289 3726 beziehen:
3197 3727 4132 3802 Woͤrterbuch der deutſchen Sprache
3100 3795 4228 3858 in Beziehung auf Abſtammung und Begriffsbildung.
3101 3845 4234 3906 Von K. Schwenck. 48 Bogen in groß Lexikonformat.
3517 3896 3816 3946 2 Thlr. 20 ſgr.
3120 3949 4229 4008 Die deutſche Nation, welche bei allen wiſſenſchaft⸗
3100 3996 4227 4054 lichen Beſtrebungen Europa als Muſter vorleuchtet,
3101 4043 4224 4098 bethaͤtigte ihren Vorzug auch durch die gruͤndlichſten
3100 4094 4224 4148 Unterſuchungen uͤber ihre Mutterſprache. Welche kaum
3099 4142 4224 4195 zu berechnenden und zu uͤberſehenden Fortſchritte in
3097 4189 4227 4253 allen Zweigen der deutſchen Sprachkunde, ſeit der
3097 4235 4221 4302 fleißige Adelung ſein Woͤrterbuch dem Publikum
3097 4287 4222 4337 vorlegte! Wie viel wurde namentlich fuͤr die Wort⸗
3097 4333 4225 4389 ſorſchung geleiſtet! — Aber das bisher angehaͤufte
3096 4380 4221 4438 Material lag zerſtreut, faſt ausſchließlich nur das Ei⸗
3091 4430 4222 4486 genthum weniger Gelehrten und Kenner vom Fach.
3093 4476 4225 4539 Und doch hatte die gebildete Mehrzahl der
3099 4523 4229 4583 Deutſchen die gerechteſten Anſpruͤche, mit den Re.⸗
3093 4570 4218 4626 ſultaten und Ergebniſſen eines ſo erfolgreichen Stre⸗
3093 4620 4225 4677 bens neuerer Sprachforſcher auf eine Weiſe bekannt
3088 4669 4220 4722 zu werden, welche, gleich entfernt von trocknem, ge⸗
3087 4714 4219 4774 lehrten Gruͤbeln und kecker, windiger Hypotheſenſucht,
3087 4761 4222 4822 unſern geſammten Sprachſchatz in Beziehung auf Ab⸗
3087 4809 4222 4870 ſtammung und Begriffsbildung vollſaͤndig, einfach, kurz
3088 4857 4224 4912 und klar darſtellte. Dieſe eben ſo wichtige als ſchwie⸗
3090 4900 4221 4964 rige Aufgabe loͤſt das Woͤrterbuch der deutſchen
3090 4952 4221 5010 Sprache des Herrn Dr. Schwenck, der dem Pu⸗
3092 4993 4220 5060 blikum bereits durch die gruͤndlichſten Forſchungen in
3092 5049 4220 5107 dem Gebiete der Etymologie ruͤhmlichſt bekannt iſt.
3091 5094 4220 5152 Mit ſicherem Takt hat er ſeine Aufgabe, nicht ſowohl
3091 5142 4221 5206 den Fachgelehrten, als dem ganzen gebildeten
3089 5190 4217 5242 Deutſchland ein Hand⸗ und Huͤlfsbuch der deut⸗
3086 5237 4224 5294 ſchen Sprachbildung vorzulegen, durchgefuͤhrt, und auf
3082 5287 4219 5338 den zweideutigen Ruhm weitlaͤufiger und gelehrter
3084 5334 4215 5395 Ausfuͤhrungen verzichtet, um durch Kuͤrze, Gedraͤngt⸗
3085 5382 4217 5443 heit und Faßlichkeit bei den groͤßeren Kreiſen des Pu⸗
3084 5428 4215 5486 blikums, einen Zweig des Wiſſens zu foͤrdern, der je⸗
3069 5478 4226 5534 dem Gebildeten, jedem echten Vaterlandsfreunde un⸗
3069 5525 4211 5584 entbehrlich iſt. — Aus dem Geſagten geht hinreichend
3081 5572 4209 5629 hervor, daß wir den Deutſchen hier ein National⸗
3083 5620 4212 5675 werk darbieten, das die gerechteſten Anſpruͤche an die
3081 5667 4211 5721 allgemeinſte Verbreitung hat, jedem Stand, Alter nud
3082 5715 4224 5772 Geſchlecht weſentlich nuͤtzlich iſt und in keiner Hand⸗
3067 5763 4214 5819 bibliothek gebildeter Deutſchen fehlen darf. — Es iſt
3079 5810 4210 5866 auf feinem weißen Velin gedruckt, und der Preis im
3066 5854 4211 5916 Verhaͤltniß zu andern aͤhnlichen Woͤrterbuͤchern aͤußerſt
3066 5904 3346 5953 billig geſtellt.
3130 5975 3495 6027 Zu haben in der
3326 6022 4178 6078 Nicolaiſchen Buchhandlung in Berlin,
3293 6066 4223 6135 (Bruͤderſtraße Nr. 13.) Stettin und Elbing.
3131 6192 3930 6254 So eben iſt vollſtaͤndig erſchienen:
3133 6269 4153 6341 Rotteck's allgemeine Geſchichte
3076 6340 4206 6400 vom Anfang der hiſtoriſchen Kenntniß bis auf unſere
3129 6386 4148 6447 Zeiten fuͤr denkende Geſchichtsfreunde bearbeitet.
3071 6432 4204 6486 9 Baͤnde, groß Oktav. Praͤnumerations⸗Preis: 5 Thlr.
3120 6483 4203 6538 Wir uͤbergeben dieſes Werk wieder unveraͤndert, und
3072 6529 4201 6593 enthalten uns auch bei dieſer Auflage, wie bisher,
3069 6574 4201 6631 jeder Anpreiſung; der ſchnelle Abſatz der fruͤheren Auf⸗
3070 6625 4073 6679 lagen beurkundet die allgemeine gute Aufnahme.
3116 6672 4204 6722 Den aͤußerſt billigen Praͤnumerations⸗Preis von 5
4258 3594 5221 3650 Thlr. fuͤr dieſes voluminoͤſe Werk laſſen wir n
4258 3646 4883 3693 unbeſtimmte Zeit fortbeſtehen.
4300 3693 4876 3741 Freiburg, im Auguſt 1834.
4576 3739 5238 3795 Herder'ſche Verlagsbuchhandlu
4301 3785 5237 3846 In Beziehung auf obige Anzeige der Herder
4260 3834 5236 3887 Verlagehandlung in Freiburg beehre ich mich,
4259 3883 5247 3932 durch bekannt zu machen, daß ich es uͤbernom
4246 3930 5244 3982 habe, dieſes Werk ſowohl ungebunden (Preis 5 T
4258 3979 5233 4032 als auch in den einfachſten bis eleganteſten Ei
4260 4025 5219 4083 den (Preis 1 Thlr. bis 2 ½ Thlr. hoͤher) ſtets
4258 4074 4578 4120 thig zu halten.
4551 4117 5222 4182 Berlin, J. A. Liſt, Burgſtraße
4302 4260 5238 4317 Bei Hinrichs in Leipzig iſt eben erſchienen,
4259 4309 5235 4361 E. S. Mittler in Berlin (Stechbahn Nr.
4259 4351 5199 4409 Plehn, Duͤmmler, Duncker, zu finden:
4307 4407 5242 4474 Von den Ariſtokratien
4255 4462 5239 4528 den Geſchlechts⸗, Geld⸗, Geiſtes⸗ und Beamten
4628 4523 5002 4570 ſtokratien und der
4395 4564 5214 4624 Miniſterial⸗Verantwortlichkeit
4572 4619 5059 4666 in reinen Monarchien;
4278 4663 5216 4721 mit Belegen aus der Zeitgeſchichte. gr. 8 vo.
4728 4712 4903 4761 22 ½ ſgr.
4292 4758 5231 4817 Die geachtetſten Zeitſchriften haben dieſe S
4250 4797 5220 4863 bereits ſehr beifaͤllig angezeigt undHr. Leg. R.
4250 4849 5237 4904 nicke ſagt im Allg. An:. d. T. Nr. 155 am Sch
4250 4900 5244 4955 der Beurtheilung: „Moͤge dieſe wichtige Sch
4250 4926 5233 5012 Eingang bei allen Gebildeten und Rechtlichen Te
4248 4997 4539 5043 lands finden.“
4296 5117 5235 5177 (Große Buͤcherverſteigerung.) So eben
4249 5168 5230 5224 die Preſſe verlaſſen und iſt durch alle ſolide Buch
4250 5216 5239 5268 lungen zu beziehen, in Berlin bei A. Asher,
4247 5263 4994 5318 Eichler und J. A. Liſt vorraͤthig:
4292 5311 5240 5364 Verzeichniß von 5431 gebundenen oder bro
4339 5356 5247 5410 ten Werken, welche vom 13. Oktober 1834
4338 5406 5235 5462 in der J. B. Metzler'ſchen Buchhandlun
4332 5446 5190 5507 Stuttgart oͤffentlich verſteigert werden.
4324 5502 4463 5546 2 ½ ſgr.
4285 5548 5212 5603 Buͤcherfreunde werden in dieſen ſyſtematiſch
4242 5598 5246 5653 neten Catalogen neben Werken, die durch Selten
4242 5637 5242 5699 hoͤchſt merkwuͤrdig ſind, eine Menge eben ſo wich
4242 5689 5241 5743 als geſchaͤtzter Buͤcher antreffen, und vielleicht man
4244 5733 5250 5794 finden, was ſie auf verſchiedenen Wegen vergebens
4243 5786 4587 5834 erhalten geſtrebt.
4285 5927 5238 5984 Bei Joh. Ambr. Barth in Leipzig ist erschi
4241 5977 5247 6025 und an die resp. Subscribenten versandt worden:
4290 6021 5238 6080 Valentini, Fr., gran Dizionario grammatico
4334 6070 5244 6119 tico italiano-tedesco, tedesco-italiano, comp
4333 6118 5236 6168 sui migliori e pià recenti vocabolarii delle
4330 6165 5208 6215 lingue, ed arricchito di circa 40,000 voci,
4329 6213 5249 6261 mini proprii delle szienze ed arti, e di 60,
4328 6259 5256 6303 nuovi articoli. Vol. II. Italiano-tedesco. M-
4281 6306 5249 6356 Der Subscriptions-Preis für alle 4 Bände ist
4328 6354 5252 6406 weiſsem Druckpapier 16 ⅔ Thlr.
4328 6399 5252 6461 auf feinem, ganz weiſsen Velinpap. 21 ⅝ Thlr.
4328 6446 5256 6508 auf Rauch'schem Patent-Velinpap. 24 ⅔ Thl.
4233 6490 5252 6547 und besteht bis zur Beendigung des ganzen Werke
4281 6540 5256 6592 Der 4te Band, Deutsch-Italienisch M — Z, ist eb
4231 6589 4824 6637 falls seiner Vollendung nahe.
4278 6625 5256 6688 C. F. Plahn in Berlin, Jägerstraſse No. 37, nim
4231 6676 5256 6733 fortwährend Bestellungen an auf dies schöne Werk
6931 412 7963 532 Allgemeine
5911 595 9008 853 Preußiſche Staats⸗Zeitung.
5271 959 5613 1127 No 239.
6708 959 8212 1053 Berlin, Freitag den 29ſten Auguſt
9457 933 9710 1018 1834.
5371 1294 6487 1379 Amtliche Nachrichten.
5509 1400 6358 1470 Kronik des Tages.
5304 1495 6656 1569 Se. Majeſtaͤt der Koͤnig haben dem Dirigenten des Haupt⸗
5275 1548 6661 1635 Steuer⸗Amtes zu Prenzlow, Steuer⸗Rath Evler, den Rothen
5290 1599 6662 1682 dler⸗Orden dritter Klaſſe mit der Schleife zu verleihen geruht.
5331 1649 6665 1726 Se. Majeſtaͤt der Koͤnig haben dem Steuer⸗Aufſeher
5275 1708 6664 1801 Quandt zu Stargard in Pommern das Allgemeine Ehrenzei⸗
5290 1769 5769 1840 en zu verleihen geruht.
5321 1812 6665 1883 Se. Majeſtaͤt der Koͤnig haben dem Unteroffizier Napp
5283 1869 6667 1944 um 25ſten Infanterie⸗Regiment die Rettungs⸗Medaille mit dem
5273 1930 5833 1997 Bande zu verleihen geruht.
5327 1970 6669 2044 Se. Majeſtaͤt der Koͤnig haben den bisherigen Ober⸗Landes⸗
5282 2024 6670 2102 erichts⸗Aſſeſſor Sibeth in Frankfurt zum Ober⸗Landesgerichts⸗
5275 2074 6669 2159 Rath zu ernennen und die fuͤr denſelben ausgefertigte Beſtallung
5289 2140 5929 2206 llerhoͤchſt zu vollziehen geruht.
5331 2183 6672 2253 Se. Majeſtaͤt der Koͤnig haben Allergnaͤdigſt geruht, den
5267 2235 6673 2315 and⸗ und Stadt⸗Richter Nuͤrnberg in Koͤpenick zum Juſtiz⸗
5281 2317 5612 2371 ath zu ernennen.
5539 2399 6354 2473 Im Bezirke der Koͤnigl. Regierung
5332 2445 6673 2530 zu Erfurt iſt der evangeliſche Kandidat des Predigtamts,
5274 2501 6673 2580 Wilhelm Muͤller, zum Pfarr⸗Subſtituten an der Trinitatis⸗
5290 2567 6144 2631 irche zu Altengottern ernannt worden;
5332 2601 6678 2689 zu Koblenz iſt der Kaplan Pillicher aus Kempenich zum
5274 2651 6694 2734 Vikar in Heimbach und der bisherige katholiſche Pfarrer Se⸗
5286 2715 6560 2798 aſtiani in Sinzig zum Pfarrer in Linz beſtellt worden.
5640 2820 6268 2884 Koͤnigliche Bibliothek.
5349 2871 6682 2943 Der Beſtimmung des Koͤniglichen Hohen Miniſteriums der
5276 2924 6684 3002 eiſtlichen, Unterrichts⸗ und Medizinal⸗Angelegenheiten zufolge,
5267 2975 6686 3058 iſt die Koͤnigliche Bibliothek vom 1. — 20. September d. J. fuͤr
5267 3030 6687 3107 das Publikum geſchloſſen, indem waͤhrend dieſer Zeit die
5267 3077 6686 3165 Reinigung der Saͤle und Buͤcher in derſelben vorgenommen wird.
5383 3279 6534 3378 Zeitungs⸗Nachrichten.
5676 3393 6259 3463 Ausland.
5733 3489 6195 3554 Frankreich.
5354 3558 6694 3633 Paris, 21. Auguſt. Der Großherzoglich Saͤchſiſche und
5274 3606 6694 3686 Großherzoglich Mecklenburg⸗Strelitzſche Geſchaͤftstraͤger, Lega⸗
5271 3662 6650 3736 tions⸗Rath Weyland, hatte geſtern eine Audienz beim Koͤnige.
5352 3710 6708 3788 Das Journal des Débats kommt heute noch einmal,
5275 3768 6696 3837 und wie es verſichert zum letzten Male, auf die Adreſſe der
5276 3820 6695 3896 Deputirten⸗Kammer zuruͤck. Wohl fuͤhlend, daß der eingeſchla⸗
5279 3873 6696 3952 gene Weg es immer weiter von dem ihm angewieſenen Stand⸗
5277 3927 6698 3999 punkte als Vertheidiger des Miniſteriums entferne, lenkt es
5281 3980 6697 4056 ploͤtzlich wieder ein, indem es behauptet, es habe ſich in Bezug
5282 4032 6699 4107 auf die Adreſſe geirrt, da dieſelbe keine weitere Folgen ge⸗
5282 4084 6700 4158 habt habe, noch haben werde. Auch die Oppoſition habe ſich
5283 4137 6702 4210 eine Wirkung von der Adreſſe verſprochen gehabt, und da dieſe
5283 4191 6701 4260 nun ausbleibe, ſo falle ſie ſelbſt uͤber den tiers-parti her und
5284 4245 6702 4320 frage ihn, was er mit ſeinen Angriffen auf das Miniſterium
5285 4296 6702 4371 denn eigentlich ausgerichtet habe. Es ſey jetzt Jedermann klar,
5285 4352 6702 4423 daß die Adreſſe weder der Oppoſition noch dem tiers-parti ir⸗
5286 4403 6702 4476 gend einen Vortheil bringen werde, und hiernach ſey auch
5286 4455 6702 4529 auf dieſes Aktenſtuͤck ſelbſt durchaus weiter kein Werth zu
5281 4510 6704 4582 legen. „Damit indeſſen,“ fuͤgt das gedachte Blatt hinzu,
5287 4563 6706 4633 „uͤber unſere Meinung in Bezug auf die Adreſſe und den
5287 4614 6706 4691 tiers-parti Niemanden auch nur der leiſeſte Zweifel bleibe, be⸗
5288 4667 6707 4735 merken wir noch Folgendes: Was zunaͤchſt die Adreſſe betrifft,
5289 4719 6709 4794 ſo haben wir von Anfang an in derſelben einen verſteckten Groll
5290 4774 6710 4838 und uͤblen Willen erblickt; deshalb und weil man ſich nicht offen
5289 4828 6711 4898 ausſprach, tadelten wir dieſes Aktenſtuͤck. Indeſſen enthaͤlt das⸗
5290 4880 6713 4956 ſelbe zugleich einen Paragraphen, dem wir unbedingt beipflich⸗
5289 4931 6716 4998 ten: wir meinen denjenigen in Betreff der Finanzen. Der tiers-
5284 4985 6714 5055 parti will ſtets fuͤr den ausſchließlichen Vertheidiger der Spar⸗
5289 5038 6715 5110 ſamkeit im Staats⸗Haushalte gelten; wir machen ihm jedoch
5292 5090 6716 5160 dieſen Anſpruch ſtreitig, und ſind uͤberzeugt, daß die ganze Kam⸗
5292 5145 6718 5216 mer in dieſer Beziehung wie er denkt. Es bliebe uns jetzt nur
5293 5197 6716 5268 noch uͤbrig, uͤber jene Partei ſelbſt unſere Meinung abzugeben.
5297 5250 6719 5318 In der Kammer giebt es viele Maͤnner, die der Juli⸗Monar⸗
5302 5305 6720 5380 chie, der Ruhe und Ordnung aufrichtig zugethan ſind, und ge⸗
5298 5356 6720 5426 meiniglich mit dem Miniſterium ſtimmen, ihm aber nicht knech⸗
5298 5409 6720 5484 tiſch unterthaͤnig ſeyn wollen und eine Balance in der Staats⸗
5296 5456 6722 5532 Einnahme und Ausgabe verlangen. In ſofern dieſe Maͤnner ſich nun
5295 5514 6723 5592 zum tiers-parti bekennen, gehoͤren auch wir dazu. Neben ihnen aber
5294 5567 6722 5636 giebt es noch andere Deputirte, die es ſeit einiger Zeit verſu⸗
5295 5617 6723 5696 chen, jene unabhaͤngigen Mitglieder der Kammer zu einer ſyſte⸗
5295 5672 6726 5741 matiſchen Oppoſition gegen das Miniſterium zu bewegen, nicht
5295 5725 6725 5795 etwa um dieſes zu ſtuͤrzen und ſich an deſſen Stelle zu ſetzen,
5294 5781 6726 5847 ſondern um ihm uͤberall feindlich in den Weg zu treten, es in
5291 5833 6726 5905 Mißkredit zu bringen, es moͤglichſt zu ſchwaͤchen, und ſich, wenn
5295 5885 6723 5960 auch nicht ſeines Sturzes, doch ſeiner Erniedrigung zu erfreuen.
5292 5932 6731 6002 Dieſe Maͤnner bilden in unſeren Augen den tiers-parti, nicht
5290 5992 6729 6055 jene anderen, die nach ihrer feſten Einſicht und Ueberzeugung
5297 6043 6731 6110 bald fuͤr, bald wider die Miniſter ſtimmen. Wir haben es fuͤr
5294 6095 6733 6163 noͤthig gehalten, auf dieſen Unterſchied hinzuweiſen, wuͤrden aber,
5298 6149 6734 6219 aus Neigung zum Frieden, nichts lieber ſehen, als daß der
5299 6204 6735 6270 Name „tiers-parti“ allmaͤhlig ganz verſchwaͤnde, und wir uns
5300 6249 6668 6321 hinfuͤhro gar nicht mehr mit ihm zu beſchaͤftigen brauchten.“
5388 6305 6737 6376 Die Gazette de France enthaͤlt Folgendes: „Ein Jour⸗
5301 6359 6738 6425 nal der richtigen Mitte kommt heute auf die angebliche Bedeu⸗
5302 6412 6739 6478 tungsloſigkeit der Legitimiſten in der Kammer zuruͤck, und will die
5302 6466 6739 6529 ganze royaliſtiſche Partei fuͤr die Stellung verantwortlich ma⸗
5303 6520 6741 6588 chen, welche Herr Gras⸗Preville eingenommen hat, indem er den
5303 6569 6743 6635 Eid in die Haͤnde des Herrn Bedoch leiſtete. Jenes Journal
5304 6623 6743 6685 bedenkt nicht, daß die Bretagne und die Vendée nicht haben
5305 6675 6745 6749 ſtimmen wollen, daß im Suͤden ein großer Theil der Royaliſten
5305 6727 6748 6802 dieſem Beiſpiele gefolgt iſt, und daß unter den Maͤnnern, welche
6729 1274 8193 1338 ſich geweigert haben, Ludwig Philipp den Eid zu leiſten und an
6730 1326 8192 1390 den Wahlen Theil zu nehmen, ſich die Herren von Villèle, von
6730 1377 8193 1441 Chateaubriand, von Corbière, von Latour⸗Maubourg, Hyde de
6731 1429 8194 1495 Neuville, Ravez und Andere befinden. Die royaliſtiſche Partei
6732 1484 8190 1549 hat ſich alſo nicht mit dem Monopol eingelaſſen. Nur einige
6733 1536 8194 1600 ſehr ehrenwerthe Maͤnner haben geglaubt, in der Kammer Platz
6733 1584 8195 1655 nehmen zu duͤrfen; aber ihre Handlungen ſind rein perſoͤnlich,
6735 1643 8197 1702 und koͤnnen auf keine Weiſe der ganzen Partei angerechnet
6735 1708 6933 1751 werden.“
6844 1748 8197 1810 Die hieſigen Blaͤtter beſchaͤftigen ſich heute faſt ſaͤmmt⸗
6739 1801 8196 1863 lich mit dem an der Boͤrſe im Umlaufe geweſenen Geruͤcht, daß
6739 1855 8199 1919 die Finanz⸗Kommiſſion der Spaniſchen Prokuradoren⸗Kammer
6741 1907 8202 1968 die Anſicht ausgeſprochen habe, man muͤſſe die auswaͤr⸗
6741 1956 8203 2025 tige Schuld nicht auf die Haͤlfte, ſondern auf ein Viertel
6741 2013 8203 2073 reduciren. „Man hat“, ſagt das Journal du Commerce,
6741 2066 8203 2129 „an der Boͤrſe, wenn auch auf eine ſehr unbeſtimmte Weiſe, von
6744 2119 8206 2183 der Moͤglichkeit einer Reduction der Spaniſchen Schuld auf ein
6743 2174 8206 2235 Viertel geſprochen. Dies waͤre, ſagte man, Alles, was man von
6745 2223 8206 2290 der Finanz⸗Kommiſſion der Prokuradoren⸗Kammer hoffen duͤrfe.
6747 2279 8208 2340 Wir haben vernommen, daß ſich unter den Mitgliedern jener
6744 2329 8210 2393 Kommiſſion die Herren Florez Eſtrada, Gargollo und Aguirre
6748 2381 8210 2443 Solarte befinden, alle Drei als Maͤnner bekannt, die den auswaͤr⸗
6748 2433 8216 2500 tigen Anleihen nicht guͤnſtig ſind. Wahrſcheinlich hat man auf
6750 2488 8213 2548 die Kenntniß dieſer Namen jene Nachricht gegruͤndet. Die der
6749 2541 8211 2607 Finanz⸗Kommiſſion obliegende Aufgabe iſt zu ernſter Natur, als
6751 2592 8214 2658 daß ſie jetzt ſchon einen Beſchluß gefaßt haben koͤnnte.“ — Der
6753 2647 8213 2710 Meſſager meint ebenfalls, es ſey ganz unwahrſcheinlich, daß
6752 2699 8215 2765 man jetzt ſchon eine Entſcheidung uͤber einen Gegenſtand haben
6754 2753 8211 2814 koͤnne, der der Kommiſſion erſt am 8ten d. vorgelegt worden ſey.
6859 2807 8215 2864 Die Advokaten des hieſigen Koͤnigl. Gerichtshofes ſchritten
6755 2859 8214 2926 geſtern zur Bildung ihres Disciplinar⸗Rathes. Die bisherigen
6756 2912 8211 2975 20 Mitglieder deſſelben wurden faſt ſaͤmmtlich durch neue erſetzt.
6863 2965 8219 3031 Das Handels⸗Tribunal hat heute ein Urtheil gefaͤllt, das
6760 3018 8218 3075 einen neuen Beweis dafuͤr liefert, welches Schutzes ſich das geiſtige
6761 3070 8218 3136 Eigenthum jeglicher Art in Frankreich erfreut. Die Herren
6762 3124 8218 3182 Veron und Crosnier hatten naͤmlich in ihrer Eigenſchaft als
6764 3174 8219 3239 Direktoren der großen und der komiſchen Oper den Herrn Maſ⸗
6765 3228 8221 3293 ſon von Puitneuf, welcher die großen Konzerte in den elyſaͤi⸗
6766 3281 8220 3346 ſchen Feldern leitet, verklagt, weil er Ouverturen und Muſik⸗
6767 3336 8221 3401 ſtuͤcke aus Opern hatte ſpielen laſſen, die den Repertoirs der ge⸗
6767 3387 8225 3449 nannten beiden Theater angehoͤren. Das Tribunal verbot dem
6767 3438 8227 3507 Herrn Maſſon die fernere Ausfuͤhrung ſolcher Muſikſtuͤcke bei
6769 3499 7747 3554 Strafe von 200 Fr. fuͤr jede Uebertretung.
6873 3545 8229 3606 Der Koͤnig von Sardinien hat bei dem Pariſer Bijoutier
6770 3596 8230 3655 Odiot ein Silber⸗Service fuͤr 780,000 Fr. beſtellt; daſſelbe iſt
6768 3648 8229 3715 beinahe fertig, und wird gegen Ende dieſes Monats nach Turin
6768 3717 7159 3771 abgeſandt werden.
6876 3754 8231 3818 Es iſt eine Subſcription eroͤffnet worden, um Herrn Len⸗
6770 3808 8230 3873 nox in den Stand zu ſetzen, den Verſuch mit ſeinem Luftballon
6771 3874 7110 3932 zu wiederholen.
6876 3914 8233 3972 Der Moniteur enthaͤlt mehrere Berichte aus Algier, Bona,
6773 3965 8232 4035 Oran und Bugia vom 5. — 8. Auguſt. Es herrſchte danach un⸗
6774 4020 8235 4086 ausgeſetzt Ruhe in der ganzen Kolonie. Nur bei Bugia hatten
6775 4075 8271 4134 die Araber eine der Garniſon zugehoͤrige Heerde Ochſen, die den
6774 4127 8271 4197 zur Huͤtung angewieſenen Weideplatz uͤberſchritten hatte, fort⸗
6777 4193 6940 4248 gefuͤhrt.
7062 4271 7959 4329 Großbritanien und Irland.
6884 4337 8244 4400 London, 22. Auguſt. Der Erzbiſchof von Canterbury
6779 4390 8244 4454 uͤberreichte dem Koͤnige Dank⸗Adreſſen der Irlaͤndiſchen Geiſt⸗
6780 4444 8246 4508 lichkeit fuͤr den feſten Entſchluß Sr. Majeſtaͤt, die Engliſche
6779 4503 7651 4560 Kirche in Irland aufrecht zu erhalten.
6885 4548 8246 4611 Dem Grafen Grey, der auf ſeiner Reiſe zu ſeinem Schwie⸗
6781 4603 8247 4669 gerſohn, dem Grafen Durham, auch Edinburg beruͤhren wird,
6783 4657 8248 4719 ſoll daſelbſt ein großes oͤffentliches Diner gegeben werden, zu
6783 4706 8247 4772 welchem auch Lord Brougham erwartet wird, woruͤber die Ti⸗
6786 4824 7231 4880 fen Grey zuſchreibt.
6892 4866 8250 4926 Der Britiſche General⸗Konſul in Tripolis, Herr Warring⸗
6788 4923 8208 4985 ton, iſt, dem Vernehmen nach, ſeines Poſtens entſetzt worden.
6892 4967 8250 5037 In der proteſtantiſchen Verſammlung, die neulich zu Dublin
6791 5020 8254 5090 ſtattfand, wurde eine Dank⸗Adreſſe an den Grafen von Win⸗
6790 5078 8254 5142 chilſea beſchloſſen und die Erklaͤrung abgegeben, daß in allen ka⸗
6792 5125 8255 5198 tholiſchen Laͤndern Elend und Sklaverei herrſche, und daß Ir⸗
6793 5183 8256 5245 land nur durch den Uebertritt zum Proteſtantismus gedeihen
6794 5236 8256 5301 koͤnne. Herr O'Connell, der jetzt einen Umzug durch die bedeu⸗
6795 5291 8257 5354 tendſten Staͤdte in Irland haͤlt, ſpendete unter Anderem in einer
6795 5342 8275 5408 Rede, die er zu Cork hielt, dem jetzigen Miniſterium ſeinen Bei⸗
6795 5396 8267 5462 fall, erlaubte ſich aber ſtarke Ausfaͤlle gegen die ausgeſchiedenen
6796 5442 8260 5512 Miniſter, auch gegen den Grafen Grey. Aus dem Innern Ir⸗
6797 5499 8260 5567 lands gehen wieder Nachrichten von Gewaltthaͤtigkeiten und Schlaͤ⸗
6797 5555 8270 5621 gereien ein, ſo wie von dem Entſchluſſe des Landvolks, durchaus
6797 5605 8292 5672 keine Zehnten zu bezahlen. Die Cholera greift in Irland ſehr
6800 5659 8270 5721 bedenklich um ſich, und in Dublin wurden am 16ten d. 168
6799 5722 7499 5774 neue Erkrankungen angemeldet.
6904 5760 8294 5829 Im Boͤrſenbericht der Times lieſt man: „Aus Briefen von
6800 5809 8266 5884 Paris und Amſterdam erhellt, daß man auf dieſen Fonds⸗Maͤrk⸗
6804 5873 8275 5934 ten in Folge der eingeſtaͤndlichen Abſicht Spaniens, die neueren
6802 5923 8268 5988 Theile der Staatsſchuld zu reduziren, geneigt ſcheint, allen neuen
6805 5975 8268 6039 Spaniſchen Fonds, von welcher Art ſie auch ſeyn moͤchten, die
6805 6027 8270 6095 Circulation zu verwehren. Dies bezieht ſich auf die perp. Rente
6806 6078 8279 6144 und inſonderheit die neuen 3 pCtgen., die aus dem im Jahre
6809 6133 8279 6193 1831 mit einem Theil der Inhaber der Cortes⸗Schuld eingegan⸗
6809 6183 8282 6255 genen Vergleiche entſtanden ſind und fuͤr beſonders heilig gehal⸗
6809 6237 8275 6301 ten wurden, welche Wendung es auch immer mit den Spani⸗
6811 6293 8276 6359 ſchen Finanzen nehmen moͤchte. Die perp. Rente wurde zum
6812 6343 8287 6409 Gluͤcke fuͤr die Engl. Kapitaliſten vom hieſigen Markte durch den
6813 6395 8278 6459 bekannten Beſchluß fern gehalten, der in gleichem Maße auf die
6813 6447 8280 6516 3 pCtgen angewendet wurde; jedoch iſt in Folge der Umſtaͤnde,
6814 6501 8281 6564 unter welchen dieſe entſtanden, ein ziemlicher Belauf der⸗
6815 6553 8282 6620 ſelben auch in Engliſchen Haͤnden. Im Ganzen ver⸗
6816 6604 8284 6672 nehmen wir, iſt ein nomineller Belauf von 5,200,000 Pfund
6817 6662 8286 6720 Sterl. in Cortes⸗Scheinen 1831 umgetauſcht worden, was, wenn
6809 6701 8280 6770 man den ſeitdem abſorbirten ausgeſetzten Fonds hinzufuͤgt, durch
8265 1251 9715 1320 ungefaͤhr 1,500,000 Pfd. in Spaniſchen 3 pCts. repraͤſentirt wird.
8266 1302 9717 1369 Allein der damalige Spaniſche Finanz⸗Miniſter benutzte, wie ſich
8266 1358 9719 1425 vorausſehen ließ, die Schoͤpfung dieſes Fonds, um außerdem
8268 1409 9720 1477 noch einen großen Belauf davon in Umlauf zu bringen, und ſo
8269 1459 9721 1534 iſt das Ganze der Spaniſchen 3 pCts. bis auf nahe an 8 Mil⸗
8270 1511 9724 1584 lionen Pfd. angeſchwellt worden, und hieraus nun, ſo behaup⸗
8270 1567 9729 1635 tet man, entſtehe fuͤr den Spaniſchen Finanz⸗Miniſter jetzt eine
8271 1616 9730 1686 wirkliche oder vorgebliche Schwierigkeit, indem ſich die wirklich
8272 1677 9733 1744 umgetauſchten von den betruͤglich — denn ſo darf man es nen⸗
8274 1726 9735 1788 nen — emittirten nicht ausſcheiden ließen; ſo daß ihm alſo nur
8273 1776 9734 1845 allein der Weg geblieben, das Ganze der 3 pCts. in den all⸗
8275 1835 9736 1903 gemeinen Bankerott einzubegreifen. Viele erwiedern dagegen,
8277 1879 9735 1951 und mit mehr Schein des Rechtes, daß, da das Ganze hinter⸗
8278 1939 9739 2007 liſtig, als waͤre es nur allein aus der Umtauſchuug ent⸗
8278 1990 9737 2058 ſtanden, in Umlauf gebracht worden, die Kaͤufer, welche es
8278 2042 9738 2105 bona fide in dieſer Meinung an ſich gebracht, volles Anrecht
8279 2093 9738 2164 auf den Schutz haben, welchen jene Umtauſchung bei der Spa⸗
8280 2147 9741 2218 niſchen Regierung in Anſpruch nehmen darf. Dieſen Punkt je⸗
8281 2198 9746 2269 doch beiſeit geſetzt, da er nicht unmittelbar die Engliſchen Glaͤu⸗
8281 2251 9747 2325 biger betrifft, verſichert man uns, daß es gar nicht ſo ſchwer ſey,
8282 2305 9750 2374 hier die wirklich umgewandelten Cortes⸗Obligationen durch die
8278 2353 9749 2431 Zeichen und Nummern der dafuͤr ausgeſtellten 3 procentigen nach⸗
8284 2411 9751 2485 zuweiſen, die ſich im Beſitz eines Londoner Hauſes von hoͤchſtem
8285 2467 9749 2539 Anſehen befaͤnden, durch welches die Operation bewirkt worden.
8285 2519 9751 2583 Demnach ſey es ganz gut moͤglich, das unerhoͤrte Opfer zu ver⸗
8286 2570 9753 2640 huͤten, welches gefordert werde, wenn man erſt das Kapital einer
8284 2627 9754 2692 Klaſſe von Staatsglaͤubigern auf ein Fuͤnftheil reduzire, und dann
8287 2677 9754 2738 eine weitere Reduction um die Haͤlfte vorſchlage. Der Spaniſche
8286 2728 9754 2799 Miniſter, der ſchon einige Erfahrung von dem Nachtheil gemacht
8287 2781 9752 2853 hat, den der Kredit ſeines Landes durch ein Interdict dieſer Art
8288 2834 9755 2897 erleiden kann, kann nicht anders als eine Drohung aͤhnlicher Art
8288 2886 9752 2958 tief fuͤhlen, und es waͤre daher nicht unmoͤglich, daß dies ihn
8289 2939 9753 3011 bewegen koͤnnte, eine genauere Ueberſicht der Huͤlfsquellen Spa⸗
8288 2992 9755 3062 niens anzuſtellen, um Mittel zu entdecken, die zur Zufrieden⸗
8291 3047 9675 3118 ſtellung einer Klaſſe ſeiner Staatsglaͤubiger fuͤhren koͤnnten.“
8392 3151 9754 3213 — — London, 22. Auguſt. Damit es den Miniſtern ja
8292 3205 9755 3276 nicht waͤhrend der Zeit, wo das Parlament nicht beiſammen iſt,
8292 3256 9755 3325 an Arbeit fehle, haben die Irlaͤndiſchen Proteſtanten der Tory⸗
8293 3311 9759 3384 Partei (welche dort bei weitem den groͤßten Theil ausmachen),
8294 3363 9758 3433 am Tage vor der Schließung des Parlaments in London, zu
8296 3415 9763 3482 Dublin eine große Verſammlung gehalten, welche nicht ohne
8299 3468 9764 3540 Folgen ſeyn ſollte, und wahrſcheinlich nicht ohne Folge ſeyn wird.
8300 3521 9761 3584 Es waren Grundherren und Abgeordnete aus allen Gegenden
8300 3573 9759 3635 des Landes dabei, und am folgenden Tage, bei einem großen Eſ⸗
8299 3628 9761 3694 ſen, welches dem Grafen Winchelſea gegeben ward, wurden dieſe
8300 3674 9758 3746 beſonders beauftragt, den in jener Verſammlung ausgeſprochenen
8301 3731 9769 3798 Geiſt bei ihren Freunden und Nachbarn zu verbreiten und durch
8302 3783 9761 3857 große Verſammlungen zu beleben und in Thaͤtigkeit zu ſetzen.
8302 3836 9760 3909 Haͤtte man die Klauſeln gegen gefahrdrohende Verſammlungen
8304 3885 9761 3958 nicht aus der Zwangs⸗Bill entfernt, ſo koͤnnte ſie dieſen ſchnell
8305 3942 9761 4005 ein Ende machen; doch ſind auch die gewoͤhnlichen Geſetze
8308 3996 9762 4066 ſchon hinreichend dazu, wenn die Rede davon ſeyn ſollte, be⸗
8307 4049 9762 4119 waffnet zu erſcheinen. Indeſſen iſt ſchon eine Verſammlung
8310 4101 9763 4166 in Derry angekuͤndigt, einer Stadt, in deren Gegend
8311 4154 9763 4218 es neben den zahlreichen Proteſtanten auch ſehr viele
8312 4207 9764 4276 Katholiken giebt, und wo es deswegen leicht zu einem blutigen
8312 4262 9769 4329 Kampf kommen koͤnnte. Es iſt ſchlimm, daß gerade diejenige
8314 4312 9765 4383 Partei, welche bisher ſo kraͤftig gegen die rebelliſchen Bewegun⸗
8315 4365 9766 4438 gen der Maſſen und gegen die Erzwingung gewiſſer Maßregeln
8314 4418 9771 4483 von der Regierung geeifert, welche mit Recht den katholiſchen
8316 4471 9770 4535 Verein in Irland und die politiſchen Vereine in England ge⸗
8317 4528 9770 4592 tadelt, und die Regierungen, die ſolche duldeten oder gar ermun⸗
8317 4575 9772 4643 terten, aufs lauteſte verdammte, zu aͤhnlichen gefaͤhrlichen Mit⸗
8318 4629 9773 4700 teln greift. O'Connell ſpricht zwar noch von der Aufloͤſung der
8318 4682 9772 4750 Union, aber nicht als eine unmittelbar zu verwirklichende Maß⸗
8319 4733 9772 4808 regel, und empfiehlt ſeinen Anhaͤngern Ruhe, Friedfertigkeit und
8319 4787 9776 4854 Unterwerfung gegen das Geſetz. Natuͤrlich iſt er deswegen ſo
8321 4839 9777 4918 zahm, weil er an dem baldigen Triumph ſeiner Anſichten nicht
8322 4893 9780 4966 mehr zweifelt, und die Katholiken dafuͤr weiter nichts zu thun
8323 4946 9779 5015 brauchen, als — den Zehnten nicht zu entrichten. Ein ſolches
8319 4998 9779 5074 geſetzwidriges Verfahren verdient allerdings auch die ſchwerſte
8322 5050 9779 5127 Ahndung, aber wo die Widerſpenſtigen die Maſſe der Nation bil⸗
8325 5104 9779 5173 den, und noch dazu das Mitgefuͤhl aller nicht intereſſirten unter
8326 5151 9779 5227 den Uebrigen auf ihrer Seite haben, da iſt an keine Beſtrafung
8324 5209 9781 5288 zu denken, und die Staatsklugheit erfordert, daß man durch die
8328 5254 9780 5335 ſchnellſte Hebung des Grundes des Widerſtandes, das verderb⸗
8328 5312 9782 5388 liche Beiſpiel einer gelungenen Widerſetzlichkeit gegen die Ge⸗
8328 5364 9783 5444 ſetze dem oͤffentlichen Auge entziehe. Aber es iſt jetzt die Frage,
8330 5417 9783 5488 ob es ſelbſt O'Connell gelingen wird, die Katholiken bei der kuͤh⸗
8331 5472 9785 5547 nen Herausforderung der anderen Partei paſſiv zu erhalten, und
8332 5526 9791 5595 ob nicht vielmehr die Truppen bald Arbeit genug finden werden,
8330 5578 9792 5647 um die feindlichen Parteien auseinander zu halten. — In Eng⸗
8332 5629 9792 5698 land leben wir dagegen ganz friedlich, und ohne alle Furcht, den
8332 5683 9793 5753 inneren Frieden geſtoͤrt zu ſehen. In der Kirche iſt man zwar
8334 5736 9792 5812 ſehr thaͤtig, ihre geiſtige Wirkſamkeit zu vermehren und auszu⸗
8335 5785 9791 5861 breiten, aber in einer Weiſe, welche jedes religioͤſe Gemuͤth er⸗
8336 5832 9794 5918 freuen muß. Dies iſt das kraͤftigſte und einzige gerechte Mittel
8336 5896 9797 5971 gegen die Zunahme der Nonconformiſten, und wird gewiß nicht
8339 5948 9795 6025 ohne Erfolg bleiben. Aber wegen der Forderungen der letzteren
8339 5995 9797 6067 wird immer noch viel geſchrieben, und zwar oft mit Bitterkeit;
8341 6052 9798 6127 ſo lange man aber nichts koſtbareres vergießt, als Dinte, kann
8341 6105 9798 6174 man dieſe Kaͤmpfe ſchon ihren Gang gehen laſſen, uͤberzeugt, daß
8343 6154 9799 6230 am Ende ſchon das Gute und Rechte daraus hervorgehen wird.
8343 6211 9801 6282 Dabei gehen auch die materiellen Verbeſſerungen bei uns einen
8344 6262 9802 6338 ſchnellen Gang, beſonders baut man auf vielen Seiten an Eiſen⸗
8348 6314 9802 6390 bahnen, welche in wenig Jahren das Land in allen Richtungen
8348 6386 8846 6441 durchſchneiden werden.
8805 6480 9348 6529 Niederlande.
8438 6550 9808 6611 — — Amſterdam, 23. Auguſt. Im Laufe dieſer Woche ha⸗
8356 6598 9811 6660 ben am hieſigen Fondsmarkt die Spaniſchen Staats⸗Papiere wieder
8358 6645 9810 6712 eine Hauptrolle geſpielt, indem deren Preiſe, nachdem die Vorſchlaͤge
8359 6689 9812 6761 des Spaniſchen Finanz⸗Miniſters an die Cortes hinſichts einer Re⸗
895 2223 1017 2258 1834.
824 2265 1065 2311 26 Auguſt.
824 2353 1028 2406 Luftdruck.
820 2407 1066 2453 Luftwaͤrme
822 2452 1063 2502 Thaupunkt
816 2498 1063 2553 Dunſtſaͤttg.
814 2554 1060 2589 Wetter
818 2599 1055 2645 Wind.
818 2644 1056 2692 Wolkenzug
1125 2221 1317 2270 Morgens
1148 2271 1286 2307 6 Uhr.
1082 2354 1335 2406 336,79 '''Par.
1089 2408 1336 2453 11,0 °R.
1105 2452 1329 2502 10,1 °R.
1113 2500 1309 2552 93 vCt.
1145 2552 1268 2590 heiter.
1135 2599 1275 2640 OSO.
1176 2650 1231 2692 —
1372 2222 1592 2265 Nachmitt.
1409 2265 1606 2313 2 Uhr.
1351 2355 1608 2406 335,92 '''Par.
1352 2406 1607 2454 18,8 °R.
1404 2452 1602 2506 7,0 °R.
1396 2504 1596 2547 41 vCt.
1403 2551 1599 2601 bedeckt.
1448 2602 1500 2641 O.
1443 2645 1500 2696 O.
1664 2218 1831 2267 Abends
1658 2275 1813 2318 10 Uhr.
1612 2359 1862 2407 335,14 '''Par.
1607 2405 1871 2453 14,1 °R.
1615 2453 1853 2501 10,8 °R.
1659 2507 1860 2558 75 vCt.
1674 2556 1839 2601 heiter.
1712 2604 1762 2643 O.
1710 2651 1758 2693 —
1907 2224 2264 2282 Nach einmaliger
1953 2274 2235 2325 Beobachtung.
1876 2367 2268 2418 Quellwärme 9,2 °R.
1876 2438 2267 2487 Flußwärme 17,8 °R.
1874 2501 2288 2562 Bodenwärme 15,3 °R.
1872 2579 2287 2632 Ausdünſt. 0,136 ''Rh.
1871 2644 2126 2701 Niederſchlag 0.
