9688 6568
2484 381 2609 440 342
497 484 1835 594 gißt, daß dieſelben gewiſſermaßen in den Traktat vom 15. Juli
507 534 1832 639 mit einbegriffen ſind. Selbſt diejenigen, gegen welche Mehmed
514 571 1834 682 Ali beſonders proteſtirt, laſſen ſich aus den Artikeln 2 und 6 der
515 627 1833 731 Separat⸗Akte vom 15 Juli ableiten. Da man dies vergeſſen zu
506 680 1680 782 haben ſcheint, ſo wollen wir jene beiden Artikel anfuͤhren:
593 719 1832 809 Artikel 2. Se. Hoheit verſpricht, dem Mehmed Ali für ſich und
507 759 1833 859 ſeine Nachkommen in direkter Linie die Verwaltung des Paſchaliks
500 858 673 902 Aegypten.
593 846 1833 936 Es iſt doch wahrſcheinlich nicht ohne Grund geſchehen, daß
502 899 1832 985 man nach den Worten in direkter Linie nicht noch die, und
501 949 1614 1032 nach dem Rechte der Erſtgeburt hinzugefuͤgt hat.
579 981 1846 1070 Artikel 6. Da die Land⸗ und See⸗Streitkräfte, welche der Pa⸗
492 1026 1846 1120 ſcha von Aegypten in Acre unterhalten kann, einen Theil der Streit⸗
497 1076 1836 1157 kräfte des Türkiſchen Reiches ausmachen, ſo werden dieſelben immer
496 1126 1528 1200 als für den Dienſt des Staates unterhalten betrachtet.
584 1160 1839 1247 Heißt dies nicht, daß die Offiziere der Aegyptiſchen Regi⸗
495 1211 1838 1290 menter von dem Sultan ernannt werden koͤnnen? Wenn man
492 1256 1838 1341 uns jetzt ſagt, daß die Maͤchte ſich uͤber die Strenge des Hatti⸗
492 1307 1839 1389 ſcherifs beklagen, ſo beklagen ſie ſich nur uͤber die Strenge des
495 1347 1840 1435 Traktats vom 15. Juli, und ſollte man dem Sultan Vorſtellun⸗
495 1396 1840 1487 gen uͤber den Hattiſcherif machen, ſo wird es ihm zur Verthei⸗
497 1459 1451 1536 digung deſſelben nicht an Argumenten ſehlen.“
588 1492 1842 1573 Die hieſigen Blaͤtter theilen heute den Bericht des Herrn
496 1544 1852 1633 von Lamartine uͤber den Geſetz⸗Entwurf in Betreff des litera⸗
496 1598 1843 1675 riſchen Eigenthums mit. Die einzelnen Punkte deſſelben werden
496 1638 1843 1722 bei der Eroͤrterung in der Kammer noch ausfuͤhrlich zur Sprache
494 1691 1845 1768 kommen. Vorlaͤufig iſt nur zu bemerken, daß die Kommiſſion
495 1739 1846 1825 darauf antraͤgt, daß das Eigenthumsrecht auf Producte des Gei⸗
495 1788 1848 1873 ſtes auf 50 Jahre nach dem Tode des Verfaſſers geſichert blei⸗
494 1835 1850 1909 ben ſolle, waͤhrend der urſpruͤngliche Entwurf nur 30 Jahre feſt⸗
491 1884 1849 1964 ſetzt. Ueber den auslaͤndiſchen Nachdruck aͤußert ſich Herr von
492 1952 1109 2005 Lamartine in folgender Weiſe:
577 1990 1849 2060 „Während wir an einem Geſetze über das literariſche Eigenthum
495 2031 1849 2114 für Frankreich arbeiteten, zeigte ſich recht lebhaft die Nothwendigkeit
497 2078 1847 2145 eines völkerrechtlichen Geſetzes über dieſe Art von Eigenthum. Kaum
494 2112 1860 2189 iſt ein Buch in London, in Wien oder in Paris gedruckt worden, ſo
495 2148 1861 2234 bemächtigen ſich die ausländiſchen Nachdrucker deſſelben und laſſen daſ⸗
497 2196 1843 2276 ſelbe in allen Formaten erſcheinen, ohne irgend eine von den Laſten
497 2231 1846 2318 des Verfaſſers und des urſprünglichen Verlegers tragen zu müſſen. Sie
500 2283 1860 2361 überſchwemmen alsdann Europa und Amerika mit dieſer Contrebande
498 2326 1858 2402 des Gedankens, die um ſo einträglicher für ſie iſt, als dieſer zweideu⸗
490 2366 1849 2455 tige Handel durchaus nichts Gewagtes hat, da er ſich nur auf Bücher
501 2411 1849 2492 erſtreckt, deren Abſatz geſichert iſt. So wird der rechtliche Buchhandel
498 2451 1848 2530 und das edelſte Eigenthum des Geiſtes auf das unwürdigſte geplün⸗
503 2497 1851 2575 dert, und zwar nur durch die Sorgloſigkeit und Ungerechtigkeit der
504 2539 1849 2618 großen Staaten. Der Schaden, den die literariſche Induſtrie in
503 2582 1852 2664 Frankreich dadurch erleidet, beläuft ſich auf nicht weniger als 8 bis 10
505 2625 1852 2702 Millionen Fr. jährlich. Dieſer Mißbrauch, der Literatur nicht weniger
506 2659 1870 2744 ſchädlich, als dem Handel tödlich, trifft alle Regierungen. Die kleineren ha⸗
507 2708 1863 2787 ben das Uebel zuerſt empfunden. Sie haben eingeſehen, daß ein Eigenthum,
508 2742 1867 2828 welches an der Gränze aufhört, auf beſchränkten Gebieten nur dem
510 2795 1867 2872 Namen nach exiſtirt. Was für eine Entſchädigung konnte ein Schrift⸗
511 2846 1856 2921 ſteller, oder ein Buchhändler in Rom, in Florenz, in Parma erwarten,
513 2882 1856 2955 wenn man ihn ohne Scheu in Neapel, in Turin, in Modena, und in
516 2921 1866 3000 Mailand nachdrucken konnte? Daſſelbe war in Deutſchland der Fall.
514 2970 1857 3042 Die kleinen Staaten konnten nicht mehr ſchreiben; die großen konnten
519 3009 1876 3083 es noch; aber ihre Induſtrie, die aufänglich von einer größeren Maſſe
520 3053 1863 3125 inländiſcher Konſumenten beſchützt ward, wurde ihnen auch bald entriſſen.
521 3087 1873 3172 So ſtehen die Sachen. Alle Welt beklagt ſich; alle Welt verlangt eine
521 3138 1873 3210 völkerrechtliche Sicherung des Eigenthums; man hat angefangen, Ver⸗
522 3181 1868 3257 träge von Nachbar zu Nachbar' abzuſchließen. Die Italiäniſchen
522 3225 1879 3296 Staaten, mit Ausnahme von Neapel, haben zuerſt einen Bund zur
523 3259 1876 3340 Sicherung des literariſchen Eigenthums und zur gegenſeitigen Beſtrafung
523 3306 1876 3382 des Nachdruckes geſchloſſen. Deutſchland hat dieſelbe Bahn betreten. Eng⸗
523 3348 1879 3428 land, Rußland, Oeſterreich, Frankreich, mehr durch die Ideen einer allgemei⸗
524 3389 1878 3467 nen Billigkeit, als durch ihre gegenſeitigen Intereſſen erregt, zeigen ſich
526 3437 1879 3514 geneigt, ein Eigenthum mehr unter den Schutz des Völkerrechts zu
526 3474 1889 3556 ſtellen. Wir, eine weſentlich literariſche Nation, haben zwei Mittel,
526 3515 1889 3596 um jene Uebereinſtimmung der Regierungen zu beſchleunigen: die Ne⸗
534 3556 1892 3634 benbuhlerſchaft, oder die Initiative; die Erlaubniß, für den Nachdruck
528 3602 1873 3676 der Werke derjenigen Nationen, welche uns nachdrucken, oder die mo⸗
528 3643 1877 3719 raliſche und hochherzige Proklamirung der Achtung des Eigenthums Anderer
528 3680 1876 3762 bei uns, ehe noch andere Nationen denſelben Grundſatz zu unſeren Gunſten
528 3728 1883 3811 aufſtellten. Die natürliche Billigkeit, deren Vorläufer zu ſeyn immer ruhm⸗
527 3768 1876 3850 voll iſt, und ihr wohlverſtandenes Intereſſe veranlaßte die Schriftſteller, die
530 3819 1876 3890 Drucker, die Buchhändler, dringend und einſtimmig von uns zu ver⸗
529 3856 1878 3932 langen, daß wir uns für einen großen Grundſatz der Sittlichkeit aus⸗
532 3894 1877 3976 ſprächen und dadurch ein nachahmungswürdiges Beiſpiel für alle Völ⸗
530 3939 1879 4016 ker der Erde aufſtellten. Die Kommiſſion ließ dieſem Gefühle volle
532 3982 1879 4061 Gerechtigkeit widerfahren und theilte es. Indeß hat ſie nicht geglaubt,
530 4024 1881 4105 die Regierung jener Bedingung der Gegenſeitigkeit berauben zu dür⸗
533 4069 1882 4145 fen, welche bei den künftigen Unterhandlungen ein bedeutendes Gewicht
530 4109 1883 4189 haben kann. Der große Zweck, den wir im Auge haben, wird gewiß
530 4150 1883 4238 um ſo ſicherer erreicht werden können, wenn Frankreich den Regierun⸗
531 4199 1884 4281 gen, deren Beitritt zu einem Vertrage wegen Sicherſtellung des litera⸗
532 4240 1885 4326 riſchen Eigenthums es wünſchte, die Vortheile der Reciprocität anbie⸗
533 4324 724 4358 ten kann.“
631 4324 1898 4417 Nach der Propoſition der Herren Mauguin und Pagès
532 4388 1890 4471 ſollen nicht zu Deputirten gewaͤhlt werden koͤnnen: Praͤfekte und
532 4433 1892 4519 Unterpraͤfekte, General⸗Einnehmer, im aktiven Dienſt befindliche
534 4484 1894 4561 Generale und Oberoffiziere der Land⸗ und Seetruppen, Magiſtrate,
536 4530 1894 4613 welche die Functionen des oͤffentlichen Miniſteriums bei den Koͤnigl.
538 4573 1896 4661 Gerichtshoͤfen und Tribunalen verſehen, Diviſions⸗ und Buͤreau⸗
539 4629 1898 4710 Chefs der verſchiedenen Miniſterien; ferner ſolle kein ſalarirter
542 4671 1901 4758 Beamter zum Deputirten von dem Wahl⸗Kollegium eines Arron⸗
546 4724 1901 4805 diſſements, welches ganz, oder zum Theil zu dem Reſſort ſeiner
546 4773 1902 4857 Functionen gehoͤrt, gewaͤhlt werden koͤnnen; von dieſer Beſtim⸗
549 4820 1904 4903 mung ſollen indeſſen ausgenommen ſeyn: Die Miniſter, Unter⸗
552 4868 1905 4943 Staats⸗Secretaire, General⸗Secretaire der Miniſterien, General⸗
555 4918 1907 4994 Direktoren, die Mitglieder des Caſſationshofes, des Rechnungs⸗
557 4968 1907 5045 hofes und des Staats⸗Rathes; und endlich, wenn die oben er⸗
559 5013 1911 5090 waͤhnten Beamten durch Demiſſion oder ſonſt ihre Stellen ver⸗
562 5063 1913 5137 laſſen, ſo ſollen ſie in den Reſſorts, wo ſie ihre Functionen ausge⸗
567 5106 1914 5193 uͤbt, erſt nach Verlauf von 6 Monaten, vom Tage der Beendi⸗
567 5156 1914 5233 gung ihrer Functionen an, waͤhlbar ſeyn. Da drei Buͤreaus die
568 5202 1915 5284 Leſung geſtattet, ſo wird dieſe uͤbermorgen in der Deputirten⸗Kam⸗
570 5278 877 5324 mer ſtattfinden.
672 5293 1918 5381 Herr Villemain wird in den naͤchſten Tagen einen Geſetz⸗Ent⸗
572 5347 1922 5420 wurf in die Deputirten⸗Kammer einbringen, wodurch ein Kredit
573 5393 1921 5475 von 40,000 Fr. fuͤr die Ceremonie der Inſtallation des kuͤrzlich
574 5442 1922 5533 zum Kardinal ernannten Herrn von Boneld, Erzbiſchof von Lyon,
576 5510 1053 5571 gefordert werden wird.
678 5560 1927 5634 Boͤrſe vom 16. Maͤrz. Das Geſchaͤft war heute nicht
578 5609 1927 5681 belebt, und die Courſe der Renten erlittten keine weſentlichen
577 5655 1930 5728 Veraͤnderungen. Dagegen bemerkte man, daß ſich ſehr viele Ver⸗
579 5702 1943 5779 kaͤufer fuͤr Franzoͤſiſche Bank⸗Actien einſtellten, die ſeit 2 Tagen
577 5748 1933 5825 uͤber 100 Fr. gefallen ſind, und heute zu 3170 ausgeboten blieben.
636 5837 1944 5922 * Paris, 16. Maͤrz. Die fortwaͤhrend friedlichen Ver⸗
582 5883 1947 5977 ſicherungen des hieſigen Kabinets begruͤnden die Hoffnung, daß
586 5922 1953 6022 die Aegyptiſch⸗orientaliſche Angelegenheit ſo wie der letzte Ferman
587 5963 1956 6062 des Sultans keine fuͤr den Frieden Europa's beſorgliche Span⸗
588 6025 1959 6117 nungen hervorrufen werde. Es handelt ſich jetzt darum, den
591 6063 1962 6166 Sultan zu bewegen, einige fuͤr Mehmed Ali guͤnſtige Konzeſſionen
592 6118 1963 6217 zu erlangen und Herr Guizot ſoll ſich bereits dahin erklaͤrt haben,
598 6161 1962 6257 daß dem Paſcha die Erblichkeit ſeiner Familie in maͤnnlicher Li⸗
1904 450 3256 530 nie zu Theil werde. Dieſen Punkt will auch Frankreich bei der
1903 496 3256 566 Ottomaniſchen Pforte unterſtuͤtzen. In Bezug auf die Fakultaͤt
1905 545 3255 610 des Sultans die Ernennung der Aegyptiſchen Ober⸗Offiziere be⸗
1905 590 3253 663 treffend, behauptet das hieſige Kabinet keine diplomatiſche Eroͤff⸗
1904 640 3257 707 nung machen zu wollen, indem dies ein Akt innerer Verwaltung
1894 688 3256 762 zwiſchen der Pforte und dem Paſcha von Aegypten ſey, dagegen
1899 734 3259 806 behauptet Herr Guizot die Erblichkeit in maͤnnlicher Linie ſey in
1907 775 3258 850 dem Traktat des 15. Juli enthalten oder daraus rechtmaͤßig
1905 831 3256 914 zu folgern. Auch das Engliſche Kabinet zeigt ſich geneigt die
1909 876 3258 950 direkte Erblichkeit zu unterſtuͤtzen und noch geſtern aͤußerte ſich
1907 923 3261 1001 Herr Guizot vor mehreren Diplomaten in einem von ihm oft
1907 972 3260 1048 beſuchten Salon Alles werde ſich ohne Bruch auf das Friedlichſte
1910 1019 3261 1096 beilegen. Daß die Verhaͤltniſſe zwiſchen den Vereinigten Staaten
1909 1065 3262 1142 und England immer mehr in den Vordergrund treten, verſteht
1909 1114 3260 1191 ſich von ſelbſt. Auf das Beſtimmteſte iſt zu verſichern, daß Eng⸗
1911 1161 3260 1234 land einen Krieg vermeiden wird, wenn es nicht durch die Ame⸗
1911 1212 3261 1295 rikaniſchen leidenſchaftlichen Volksmaſſen dazu gezwungen wird,
1911 1258 3262 1333 welche die Regierung in Waſhington in eine kriegeriſche Bahn
1911 1331 2564 1385 gewaltſam hineinſtoßen koͤnnten.
2009 1358 3264 1425 Die Anſichten uͤber einen Bruch zwiſchen England und den
1914 1406 3270 1479 Vereinigten Staaten ſind getheilt; es fehlt ſogar nicht an Leuten,
1915 1456 3267 1525 welche ohne Weiteres rathen: Frankreich moͤge ſich jetzt an
1916 1492 3269 1574 England des Quadrupel⸗Traktats wegen raͤchen und direkt Theil
1917 1549 3269 1631 nehmen fuͤr Nord⸗Amerika. Dieſe exaltirte Politik hat aber ent⸗
1916 1605 2964 1674 ſchiedene Gegner gefunden, und iſt voͤllig beſeitigt.
2015 1644 3274 1719 Heute Morgen iſt die hieſige Kunſt⸗Ausſtellung eroͤffnet wor⸗
1923 1691 3273 1760 den. Der Andrang des Publikums war bedeutend. Ein herr⸗
1921 1736 3272 1814 liches Fruͤhlingswetter trug mehr noch als die uͤbliche Neugierde
1923 1770 3270 1859 oder der kuͤnſtleriſche Werth der Ausſtellung hierzu bei. Der
1924 1823 3266 1909 Katalog fuͤhrt 2280 Nummern an, worunter 2032 Malerwerke.
1925 1862 3268 1953 Die Ausſtellung iſt allem Vorhergehenden untergeordnet. Der
1925 1917 3270 1999 Total⸗Eindruck iſt alſo wenig befriedigend, das Einzelne, die gu⸗
1923 1964 3270 2045 ten Ausnahmen, ſollen ſpaͤter erwaͤhnt werden. Von Pradier iſt
1921 2012 3269 2097 eine zierlich gemeißelte Odaliske zu bemerken, faſt die ganze uͤbrige
1920 2060 3272 2140 Skulptur iſt ſchwach. Das reizende Bild der Fiſcher von Leo⸗
1919 2113 3270 2188 pold Robert iſt von Prevoſt ohne viel Talent geſtochen worden.
1918 2159 3270 2238 Alle Poeſie iſt aus dieſer zarten Arbeit gewichen. Calamatta und
1919 2236 2241 2281 Mercuri fehlen.
2011 2250 3272 2330 Herr von Breſſon wird, wie es heißt, nicht vor der Taufe
1922 2312 2953 2379 des Grafen von Paris nach Berlin zuruͤckkehren.
2146 2390 3050 2452 Großbritanien und Irland.
2019 2444 3273 2519 London, 13. Maͤrz. (B. H.) Die Amerikaniſchen Ver⸗
1917 2502 3277 2577 haͤltniſſe beſchaͤftigen unſere Blaͤtter natuͤrlich noch immer vor⸗
1924 2540 3279 2627 zugsweiſe und werden ſie zu Kommentaren uͤber die letzten Be⸗
1924 2588 3278 2669 richte veranlaſſen, bis die Antwort auf die letzten Depeſchen Lord
1924 2640 3278 2721 Palmerſton's angekommen, welche man indeß nicht vor Ende des
1927 2687 3281 2762 Monats erwartet, da es unwahrſcheinlich iſt, daß die Halifaxer
1928 2735 3281 2814 Briefpoſt, welche am 4ten oder 5ten d. M. abgeht, dieſe Ant⸗
1928 2782 3282 2862 wort ſchon mitbringen kann. Die erwaͤhnten Depeſchen Lord
1928 2827 3283 2916 Palmerſton's ſind am 10. Februar von hier mit dem „Preſident“
1930 2873 3285 2963 abgegangen, und werden vermuthlich am 26ſten in New⸗York
1932 2931 3282 3012 eingetroffen ſeyn, koͤnnen ſich alſo fruͤheſtens am 28ſten, einem
1933 2976 3284 3055 Sonntage, in den Haͤnden des Britiſchen Geſandten in Waſhing⸗
1934 3027 3288 3106 ton befinden; uͤbergiebt dieſer ſie nun auch ſchon am folgenden
1936 3072 3287 3155 Tage der Regierung' der Vereinigten Staaten, ſo muͤſſen doch
1940 3119 3292 3201 einige Tage vergehen, bevor er die Antwort erhaͤlt, und dieſelbe
1943 3164 3293 3245 wird daher alſo wahrſcheinlich erſt mit der Poſt vom 15. d. M.
1945 3232 2816 3292 von New⸗York abgeſandt werden koͤnnen.
2048 3307 3299 3388 London, 16. Maͤrz. In den miniſteriellen Blaͤttern der
1952 3348 3299 3439 letzten Tage finden ſich zwar Betrachtungen uͤber die jetzige Lage
1954 3396 3299 3481 der Dinge im Orient, aber nichts weiter uͤber das im Boͤrſen⸗
1953 3444 3297 3526 Bericht des „Globe“ vom 13ten enthaltene Geruͤcht von einem
1950 3498 3298 3581 Konferenz⸗Protokoll, welches der Franzoͤſiſche Bevollmaͤchtigte am
1952 3539 3297 3617 12ten mit unterzeichnet haͤtte. Nur der geſtrige Morning He⸗
1949 3589 3300 3667 rald kommt hierauf zuruͤck, doch ſcheint nach ſeiner Angabe nicht
1948 3642 3300 3713 von einem neuen gemeinſchaftlichen Protokolle, ſondern von dem
1950 3684 3302 3765 Beitritt Frankreichs zu dem bereits bekannten, vom 5. Maͤrz
1952 3734 3305 3815 datirten Protokolle die Rede zu ſeyn. Dieſes Blatt ſagt naͤm⸗
1950 3783 3305 3865 lich: „Wir haben Grund, zu glauben, daß daß von der Londoner
1952 3831 3306 3913 Konferenz feſtgeſtellte Protokoll, wodurch die orientaliſche Angele⸗
1954 3882 3305 3969 genheit geordnet und dem Quintupel⸗Traktat vom Juli, ſo wie dem
1955 3931 3309 4004 Traktat von Unkiar Skeleſſi, ein Ende gemacht werden ſoll, von der
1955 3969 3309 4061 Franzoͤſiſchen Regierung angenommen (accepted) worden iſt. Ebenſo
1957 4017 3311 4108 haben wir Urſache, zu glauben, daß es die Abſicht des Herrn Guizot iſt,
1958 4074 3312 4150 eine Mittheilung der Art an die Pairs⸗Kammer im Verlaufe der
1959 4113 3311 4198 Diskuſſion uͤber die Befeſtigung von Paris gelangen zu laſſen.
1961 4173 3312 4246 Das Reſultat, welches man von dieſem Ereigniſſe zu erwarten
1963 4217 3315 4303 hat, beſteht darin, daß Frankreich, Oeſterreich und Preußen zu
1964 4264 3316 4343 einer allmaͤligen, wenn auch nicht unverzuͤglichen Entwaffnung
1963 4313 3318 4397 ſchreiten werden.“ Damit im Widerſpruche ſteht ein Schreiben
1967 4358 3321 4444 aus Paris vom 13ten, welches die Morning Poſt aus angeb⸗
1967 4402 3319 4494 lich ſehr guter Quelle erhalten hat. Dieſem Schreiben zufolge,
1970 4457 3324 4542 haͤtte Herr Guizot in einer am 11ten mit dem Grafen Appony
1971 4499 3326 4592 gehaltenen Konferenz erklaͤrt, daß Frankreich dem Definitiv⸗Pro⸗
1972 4555 3328 4631 tokolle der Londoner Konferenz vom 5. Maͤrz nicht beitreten
1974 4599 3327 4683 koͤnne, in Folge des Erlaſſes des Inveſtitur⸗Fermans vom 13.
1975 4649 3330 4735 Februar, welcher in jenem Definitiv⸗Protokolle als das Reſultat
1977 4696 3331 4781 der gemeinſamen Anſtrengungen der vier Maͤchte, die den Juli⸗
1977 4748 3331 4826 Traktat unterzeichnet, dargeſtellt werde, und der einestheils dem
1978 4792 3333 4875 von dem Sulten bereits fruͤher anerkannten Prinzipe unbediegter Erb⸗
1982 4841 3336 4926 lichkeit Aegyptens in der Familie Mehmed Ali's widerſpreche,
1981 4887 3338 4969 anderntheils aber dem casus belli zu nahe trete, welchen das Me⸗
1983 4937 3339 5016 morandum des Herrn Thiers vom 8. Oktober v. J., das die
1986 4986 3339 5066 Grundlage der Politik des jetzigen Franzoͤſiſchen Kabinets bilde,
1986 5036 3342 5118 aufgeſtellt habe. Herr Guizot ſoll indeß hinzugefuͤgt haben, er
1987 5075 3342 5164 wiſſe, der Ferman ſey dem Reſchid Paſcha von Lord Ponſonby
1988 5126 3346 5217 gegen den Willen der Repraͤſentanten der uͤbrigen Großmaͤchte
1989 5179 3346 5262 abgedrungen worden, und Frankreich hoffe daher, es werde dem
1991 5223 3347 5308 Einfluſſe Rußlands und Oeſterreichs gelingen, eine Modifizirung
1993 5272 3349 5355 deſſelben zu erlangen; bis dahin aber muͤſſe es in ſeiner iſolirten
1992 5320 3350 5405 Stellung verharren. Graf Appony ſoll ſich den Wuͤnſchen des
1996 5367 3352 5456 Herrn Guizot ſehr geneigt geaͤußert haben und mit ihm uͤberein⸗
1997 5413 3350 5505 gekommen ſeyn, das Reſultat ſeiner Unterredung mit Herrn
1999 5462 3354 5552 Guizot dem Fuͤrſten Metternich zu berichten und Herr Guizot
2000 5510 3354 5594 erklaͤrt haben, die vom 5ten d. M. datirte Depeſche Lord Pal⸗
2002 5560 3354 5644 merſtons bis zum Eingange neuer Inſtructionen fuͤr den
2003 5611 3357 5692 Grafen Appony unbeantwortet zu laſſen. Die Betrachtungen,
2003 5654 3358 5739 welche der „Globe“ und die „Morning Chronicle“ noch uͤber
2007 5702 3359 5783 die orientaliſche Frage enthalten, fuͤhren nur die aus dem letzte⸗
2004 5744 3361 5832 ren Blatt ſchon mitgetheilte Bemerkung weiter aus, daß England
2000 5790 3363 5882 keine beſtimmte Verpflichtung in Bezug auf die Erblichkeit des
2015 5833 3365 5928 Paſchaliks Aegypten in Mehmed Ali's Familie eingegangen ſey,
2021 5870 3366 5970 noch viel weniger uͤber die Art der Vererbung deſſelben; doch
2023 5926 3369 6016 fuͤgt die „Chronicle“ in ihrem heutigen Blatte hinzu, daß der
2029 5967 3369 6060 Sultan hinreichende Verſicherungen mit dem Hattiſcherif zugleich
2033 6017 3371 6106 an Mehmed Ali geſchickt habe, die ihn uͤber die Intention deſ⸗
2031 6066 3372 6155 ſelben beruhigen koͤnnten; ſo werde namentlich Ibrahim Paſcha,
2033 6120 3372 6203 falls er ſeinen Vater uͤberlebe, als Nachfolger beſtaͤtigt werden,
3319 406 4669 488 ohne daß der Sultan ihm die Bedingung auferlegen wolle, nach
3319 450 4672 529 Konſtantinopel zu kommen, um dort die Inveſtitur zu empfan⸗
3319 505 4674 584 gen, und der Sultan habe ſich das Recht der Auswahl des
3320 549 4675 628 Nachfolgers unter den kuͤnftigen Erben nur fuͤr den Fall der Mi⸗
3319 597 4674 671 norennitaͤt oder gaͤnzlichen Unfaͤhigkeit vorbehalten; Mehmed Ali
3321 646 4675 727 habe auch den Hattiſcherif angenommen und nur um einige Mo⸗
3321 689 4676 772 dificationen deſſelben gebeten. (Man vergleiche den Art. Paris
3321 761 3880 821 im geſtr. Bl. d. St. Ztg.)
3419 793 4678 858 Das erwartete Dampfboot „Columbia“ mit den Nord⸗Ame⸗
3321 839 4679 912 rikaniſchen Poſten vom 1. Maͤrz war geſtern noch nicht in Liver⸗
3323 886 4680 963 pool angekommen. Alles ſieht ferneren Nachrichten aus Amerika
3322 936 4680 1004 voller Erwartung entgegen, da man annimmt, daß Englands
3323 985 4681 1056 kuͤnftige Ausſichten im Handel großentheils von dem Laufe der
3324 1033 4682 1107 politiſchen Begebenheiten in den Vereinigten Staaten abhaͤngen
3323 1079 4684 1151 werden. „Die Ungewißheit, welche jetzt hinſichtlich des Friedens
3324 1128 4684 1209 mit Amerika ſtattfindet“, bemerkt der Globe, „iſt allen
3328 1174 4687 1251 Handels⸗Unternehmungen im Wege und verurſacht an
3328 1219 4687 1292 der Boͤrſe und an anderen Orten eine Zuſammenhaͤu⸗
3326 1267 4686 1345 fung von Kapital, welches in Anleihen auf Unterpfand
3330 1318 4691 1387 von Staatspapieren temporaͤr angelegt wird. Wahrſcheinlich wer⸗
3332 1367 4689 1435 den dadurch die Preiſe der Staatspapiere, trotz der duͤſteren po⸗
3333 1414 4690 1486 litiſchen Ausſichten, aufrecht erhalten.“ Einer Andeutung im
3334 1462 4693 1538 „Globe“, als ob die Differenz mit den Vereinigten Staaten we⸗
3336 1509 4694 1585 gen der Verhaftung des Herrn Mac Leod vielleicht auf ſchieds⸗
3338 1555 4692 1627 richterlichem Wege ausgeglichen werden koͤnnte, welche Anſicht
3339 1600 4689 1683 zuerſt der „Examiner“ aufſtellte, ſtimmt die Morning Chro⸗
3339 1636 4694 1718 nicle nicht bei, ja ſie bedauert es, daß ein miniſterielles Blatt
3336 1687 4697 1761 eine ſolche Aeußerung nur habe hinwerfen koͤnnen, da in dieſer
3336 1736 4697 1809 Sache gar kein Zweifel vorliege, hinſichtlich deſſen eine dritte,
3332 1789 4434 1858 ſchiedsrichterliche Partei den Ausſchluß geben koͤnnte.
3432 1828 4696 1904 Im Oberhauſe wurde geſtern uͤber den Antrag des Bi⸗
3333 1879 4699 1953 ſchofs von Exeter debattirt, wonach eine Adreſſe an die Koͤnigin
3334 1929 4698 2003 gerichtet werden ſollte, des Inhalts, daß ſie der Verordnung des
3337 1967 4696 2043 General⸗Gouverneurs von Kanada, durch welche dem St. Sul⸗
3338 2024 4701 2097 picius⸗Seminar in Montreal Corporations⸗Rechte zugeſtanden
3337 2074 4701 2143 werden, ihre Genehmigung verſagen moͤge. Der Antrag wurde
3340 2119 4699 2195 ohne Abſtimmung verworfen. Im Unterhauſe beſchaͤftigte
3341 2164 4700 2240 man ſich hauptſaͤchlich mit den Angelegenheiten Suͤd⸗Auſtraliens,
3340 2209 4701 2295 zu deſſen Gunſten der Kolonial⸗Miniſter, Lord John Ruſſell,
3342 2262 4700 2331 die Garantie einer Anleihe von 210,000 Pfd. in Anſpruch nahm.
3342 2308 4705 2380 Man war indeſſen mit den von ihm gegebenen Nachweiſungen
3343 2358 4705 2435 nicht zufrieden, und er vertagte daher den Antrag auf den
3346 2433 3604 2476 19ten d. M.
3441 2454 4707 2527 Der Hampſhire Telegraph meldet, daß der Contre⸗
3339 2501 4706 2574 Admiral Sir William Parker, einer der Lords der Admiralitaͤt,
3331 2548 4709 2632 das Kommando der Flotte in China an die Stelle des Contre⸗
3338 2595 4709 2682 Admirals Elliot uͤbernehmen werde. Er begiebt ſich ſofort uͤber
3336 2645 4712 2725 Suez nach Oſtindien; ſein Flaggenſchiff, der „Cornwallis“, von
3337 2705 4590 2765 72 Kanonen, ſoll in Plymouth ausgeruͤſtet werden.
3452 2740 4715 2815 Nach Berichten aus Liſſabon vom 8ten d. M. hat die
3352 2790 4718 2867 Deputirten⸗Kammer am 5ten, nach einer ſtuͤrmiſchen Debatte, den
3353 2836 4718 2921 Handels⸗Traktat zwiſchen Portugal und den Vereinigten Staaten
3354 2882 4719 2959 mit einer Stimmen⸗Mehrheit von 65 angenommen; um die Sache
3354 2926 4718 3014 ſchnell zu foͤrdern, hielt darauf der Senat am 7ten, einem Sonn⸗
3357 2979 4718 3062 tage, eine außerordentliche Sitzung, in welcher der Traktat eben⸗
3356 3031 4719 3110 falls angenommen wurde, und am folgenden Tage wurde er der
3360 3069 4721 3153 Koͤnigin durch eine Deputation uͤberreicht. Der Sohn des Gra⸗
3359 3121 4723 3207 fen Villa Real wird ihn ſo ſchnell als moͤglich uͤber London nach
3365 3167 4726 3247 Waſhington bringen, da die Zeit zur Auswechſelung der Ratifi⸗
3368 3217 4727 3289 cationen am 26. April ablaͤuft. Die Portugieſiſche Regierung
3371 3258 4729 3343 hat eine Anleihe von 500 Contos gegen Hypothezirung gewiſſer
3369 3304 4728 3387 Einnahmen aufgenommen, um die Zinſen der auswaͤrtigen Schuld
3368 3356 4727 3430 in London bezahlen zu koͤnnen. Im Senate iſt eine ſchon im
3368 3398 4730 3476 November von der Deputirten⸗Kammer genehmigte Zoll⸗Erhoͤhung
3367 3453 4731 3529 auf gewiſſe Sorten Britiſcher und Spaniſcher Baumwollen⸗ und
3368 3499 4730 3575 Wollen⸗Fabrikate beſtaͤtigt worden. In Algarbien und Alemtejo
3370 3546 4730 3625 nahmen die Guerilla's auf eine beunruhigende Weiſe zu; doch
3373 3599 4734 3675 hoffte man, einen Haupt⸗Banditen, Namens Caca, den man
3371 3644 4735 3724 nebſt ſieben anderen in der Provinz Coimbra umzingelt hatte, zu
3372 3729 3513 3773 fangen.
3441 3737 4738 3812 Die Reſignation des Spaniſchen Finanz⸗Miniſters Gamboa
3378 3787 4737 3869 hat hier ſehr nachtheilig auf die Spaniſchen Fonds gewirkt, da
3377 3834 4735 3910 man befuͤrchtet, daß ein Nachfolger von gleicher Redlichkeit und
3378 3891 4384 3962 Geſchicklichkeit nicht leicht zu finden ſeyn duͤrfte.
3476 3928 4733 4006 Aus Jamaika hat man Nachrichten bis zum 1. Februar,
3380 3967 4743 4060 die ſehr befriedigend lauten. Der Gouverneur Sir, Charſes Met⸗
3383 4041 4231 4107 calfe, war dort fortwaͤhrend ſehr beliebt.
3482 4072 4738 4151 Nach Berichten aus Panama hat ſich die Provinz Pa⸗
3383 4120 4744 4197 nama am 18. November von dem Staate Neu⸗Granada unab⸗
3386 4167 4742 4253 haͤngig erklaͤrt. Der in der Prozinz Paſto ausgebrochene Auf⸗
3386 4215 4744 4303 ſtand war, nach Berichten aus Carraccas vom 20. Januar, faſt
3387 4292 3820 4352 gaͤnzlich unterdruͤckt.
3489 4308 4747 4389 Der Schornſteinfeger⸗Junge Jones, bekannt durch ſein fruͤ⸗
3388 4355 4745 4446 heres Einſchleichen in den Buckingham⸗Palaſt, iſt geſtern fruͤh
3393 4414 4750 4493 Morgens wieder in dem Putzzimmer der Koͤnigin gefunden wor⸗
3395 4450 4769 4540 den, nachdem man ihn kurz zuvor erſt aus dem Polizei⸗Gefaͤng⸗
3394 4499 4774 4587 niſſe entlaſſen hatte. Man fand ihn ein Mahl verzehrend, wel⸗
3396 4547 4752 4636 ches aus Leckerbiſſen beſtand, die er ſich im Schloſſe zuſammen⸗
3396 4595 4752 4687 geleſen hatte. Von ſeinem Verhoͤr war heute Mittag noch nichts
3399 4690 3555 4729 bekannt.
3833 4744 4332 4793 Niederlande.
3503 4779 4756 4869 Aus dem Haag, 16. Maͤrz. In Folge einer von Sr.
3404 4837 4760 4924 Majeſtaͤt dem Koͤnige getroffenen Anordnung fallen jetzt bei un⸗
3404 4882 4762 4976 ſerer Kavallerie die Lieutenants a la suite und die Fahnenjunker
3406 4926 4764 5025 ganz fort. An die Stelle der Letzteren tritt bei jedem Regiment
3408 4970 4763 5067 ein ſogenannter Adjutant⸗Unteroffizier, der die Fahne traͤgt. Bei
3413 5021 4763 5113 der Infanterie ſind die Majors a la suite und die Unterrichts⸗
3413 5065 4764 5158 Compagnieen aufgehoben und bei der Artillerie fallen die ſoge⸗
3416 5112 4765 5204 nannten Artillerie⸗Platz⸗Kommandanten fort. Hierdurch, ſo wie
3418 5155 4761 5257 durch andere neue Einrichtungen, die beim Heere ſtattfinden,
3416 5208 4764 5302 wird von jetzt ab in dieſem Ausgaben⸗Zweige eine bedeutende
3417 5306 3819 5356 Erſparniß eintreten.
3693 5345 4489 5421 Deutſche Bundesſtaaten.
3523 5397 4768 5496 Fulda, 14. Maͤrz. (Han. Ztg.) Seit geſtern haben
3421 5445 4772 5546 auf dem Platze vor dem Kurfuͤrſtl. Palais zur rechten Seite der
3422 5495 4772 5599 Hauptwache und dem Gaſthofe zum Kurfuͤrſten gegenuͤber, die
3426 5548 4772 5635 Vorarbeiten zur Aufſtellung des Bonifacius⸗Monumentes, zur
3428 5587 4783 5688 Freude aller Bewohner hieſiger Stadt begonnen. Die Einwei⸗
3429 5650 4316 5734 hung wird den 6. Juni d. J. ſtattfinden.
3530 5733 4777 5810 Karlsruhe, 16. Maͤrz. (K. Z.) Heute iſt der Oberſt⸗
3433 5781 4778 5860 Lieutenant und Fluͤgel⸗Adjutant Sr. Koͤnigl. Hoheit des Groß⸗
3436 5831 4779 5915 herzogs, Herr von Krieg, als Bevollmaͤchtigter bei der Bundes⸗
3437 5888 4379 5954 Militair⸗Kommiſſion nach Frankfurt abgereiſt.
3961 5974 4265 6023 Schweiz.
3538 6017 4785 6101 Aus der Schweiz, 10. Maͤrz. (Schwaͤb. Merk.) Die
3443 6063 4789 6155 Inſtructions⸗Ertheilungen der meiſten Kantone fuͤr die außeror⸗
7124 283 7244 344 343
5121 387 6474 464 dentliche Tagſatzung liegen nun vor. In großer Mehrheit haben
5122 435 6474 513 ſich dieſelben fuͤr Aufrechthaltung des Art. 12. der Bundes⸗Akte
5122 492 6475 564 gegen die allgemeine Kloſter⸗Aufhebung im Aargau und gegen
5120 537 6473 612 jede fremde Einſchreitung ausgeſprochen. Waͤhrend ſich bei einem
5123 582 6476 659 Theile der Zuͤricher Bevoͤlkerung eine Sympathie fuͤr die Kloſter⸗
5124 630 6474 705 ſache in einer Subſcription bemerken laͤßt, die zur Unterſtuͤtzung
5126 680 6476 749 der durch Einquartierung hart bedruͤckten Katholiken des Aargaus
5127 730 6476 801 eroͤffnet wurde, iſt in St. Gallen eine noch nicht abgegangene
5124 779 6475 843 Adreſſe an die Aargauiſche Regierung in Umlauf geſetzt worden,
5128 822 6478 892 welche die volle Billigung des Kloſterbeſchluſſes ausſpricht. An
5131 865 6479 939 der Spitze diefer von den Ultra⸗Radikalen ausgegangenen De⸗
5129 916 6480 987 monſtration ſtehen zwei Regierungsraͤthe, ſo wie der Praͤſident
5133 979 5770 1027 des St. Galliſchen Großraths.
5234 1012 6479 1078 Die Inſtruction von Thurgau lautet folgendermaßen:
5137 1065 6479 1131 1) Die Geſandtſchaft wird erklaͤren, es koͤnne der Art. XII. des
5135 1114 6480 1173 Bundes keinesweges den Sinn haben, daß den Kantonen unbe⸗
5134 1162 6479 1228 dingt das Recht entzogen ſeyn ſollte, Kloͤſter aufzuheben, ſondern
5137 1206 6482 1270 es muͤſſe ihnen dieſes Recht, wie noch in anderen Faͤllen, ſo be⸗
5136 1256 6479 1322 ſonders auch da zuſtehen, wo ſich ſolche Corporationen als ſtaats⸗
5135 1303 6481 1371 gefaͤhrlich erweiſen; 2) die Geſandtſchaft wird mit Ruͤckſicht dar⸗
5137 1347 6482 1416 auf, daß der Stand Aargau mit Kreisſchreiben vom 4. Februar
5138 1392 6485 1463 die Zuſicherung giebt, er werde die von ihm getroffenen Maaß⸗
5141 1438 6478 1509 regeln rechtfertigen, vor Allem die von dieſem Stande verheiße
5140 1484 6490 1546 nen Rechtfertigungs⸗Gruͤnde anhoͤren, und daruͤber Bericht erſtat⸗
5114 1525 6490 1596 ten, und zu keinerlei Interventions⸗Maßnahmen der Tagſatzung
5120 1574 6491 1646 gegenuͤber dem Kanton Aargau mitwirken; 3) auswaͤrtige Ein⸗
5143 1622 6492 1689 miſchung in dieſe nur die Schweizeriſchen Kantone unter ſich be⸗
5130 1672 6492 1737 ruͤhrende Angelegenheit wird ſie entſchieden zuruͤckweiſen; 4) in
5144 1719 6492 1788 Beziehung auf Antraͤge wegen eidgenoͤſſiſcher Leitung der gemaͤß
5147 1768 6492 1827 dem Art IV. des Bundes zur Verfuͤgung eines bedrohten Kan⸗
5147 1816 6492 1880 tons geſtellten Truppen wird ſich die Geſandtſchaft dahin erklaͤren,
5121 1866 6321 1929 daß hieruͤber von der Tagſatzung nicht einzuſchreiten ſey.
5666 1948 5983 2005 Italien.
5249 2006 6495 2067 Neapel, 6. Maͤrz. (A. Z.) Ihre Majeſtaͤt die Koͤnigin⸗
5138 2053 6492 2116 Mutter iſt geſtern Abend, von Rom zuruͤck, hier eingetroffen;
5154 2102 6491 2164 auch befindet ſich ſeit einigen Tagen der Erbprinz von Mecklen⸗
5151 2150 6497 2215 burg⸗Strelitz hier. Dieſen Morgen wurde ein Soldat, der ſeinen
5139 2198 6493 2257 Lieutenant, welcher vor einem Café ſaß und eine Cigarre rauchte,
5143 2245 6496 2308 geſtern aus Rache erſchoß, fuͤſilirt. Es iſt traurig, daß aͤhnliche
5146 2298 6164 2353 Subordinationsfehler ſich hier ſo oft wiederholen.
5243 2340 6496 2397 Berichten aus Sicilien zufolge, werden die Klagen der Schwe⸗
5146 2391 6497 2451 felgruben⸗Beſitzer uͤber den von der Regierung feſtgeſetzten unge⸗
5148 2435 6497 2495 heuren Ausfuhrzoll immer lauter und heftiger, da ſie dadurch
5160 2482 6495 2542 nothwendig zu Grunde gerichtet werden; man glaubt daher, daß,
5161 2531 6498 2589 ſobald die Vorraͤthe, welche die Neapolitaniſche Regierung bei
5161 2578 6500 2639 der Aufloͤſung des mit der Compagnie Taix beſtandenen Vertrags
5152 2625 6502 2687 zu uͤbernehmen hatte, abgeſetzt ſeyn werden, man auch darauf
5160 2675 6501 2730 Bedacht nehmen werde, den hohen Zoll zu ermaͤßigen, weil dann
5164 2719 6503 2781 die Konkurrenz der uͤbrigen Schwefelgruben⸗Eigenthuͤmer nicht
5160 2764 6503 2830 mehr zu fuͤrchten iſt. Indeſſen glauben ſich dieſe von einem an⸗
5155 2810 6506 2875 deren Ungluͤck bedroht, indem die in England gemachte neue Er⸗
5155 2857 6509 2924 findung, zur Fabrication des Pulvers einen anderen wirkſamen
5163 2901 6512 2971 Stoff ſtatt des Schwefels zu gebrauchen, den Abſatz des Schwe⸗
5161 2948 6512 3017 fels auf die wenigen Erforderniſſe einiger Fabricationen beſchraͤn⸗
5159 3018 5380 3060 ken duͤrfte.
5672 3081 6008 3123 Spanien.
5263 3124 6522 3193 Madrid, 9. Maͤrz. Der Rücktritt des Herrn Gamboa
5167 3177 6525 3244 aus dem Finanz⸗Miniſterium iſt nur von geringem politiſchem Be⸗
5146 3225 6527 3299 lang. Die boͤswilligen Geruͤchte von angeblichen Mißverſtaͤndniſ⸗
5166 3274 6529 3342 ſen, die zwiſchen dem Herrn Gamboa und mehreren ſeiner Kol⸗
5167 3321 6526 3391 legen ſtattgehabt haͤtten, ſind ungegruͤndet. Herr Gamboa iſt noch
5171 3368 6528 3429 im Beſitze der ganzen Achtung ſeiner Kollegen. Herr Ferrer,
5169 3414 6528 3475 welcher ihn interimiſtiſch erſetzt, und das Finanzportefeuille wahr⸗
5171 3462 6525 3528 ſcheinlich bis zu weiterer Entſcheidung der Cortes behalten duͤrfte,
5172 3507 6526 3576 wird von der Linie nicht abweichen, welche ſich Herr Gamboa
5172 3553 6525 3620 vorgezeichnet hatte; er wird fortfahren, die jetzt populaͤren Cen⸗
5173 3602 6523 3665 traliſationsplaͤne des Letzteren weiter in Ausfuͤhrung zu bringen,
5177 3648 6525 3709 mit einem Worte, keine der Maßregeln zu verabſaͤumen, welche
5179 3697 6524 3764 geeignet ſeyn moͤchten, das Finanzweſen zu reguliren und den
5179 3751 5758 3811 oͤffentlichen Kredit zu heben.
5272 3788 6525 3855 Herr Saenz, Unter⸗Staats⸗Secretair im Departement der
5180 3830 6522 3904 Finanzen, iſt durch Herrn Ramon Calatrava erſetzt worden. Die
5180 3878 6522 3952 „Hof⸗Zeitung“ hat dieſe Ernennung noch nicht offiziell veroͤffent⸗
5182 3941 5693 3997 licht; ſie iſt jedoch gewiß.
5282 3972 6523 4039 Es heißt, Herr Chacon beabſichtige, dem Beiſpiele Herrn
5185 4023 6525 4088 Gamboa's zu folgen und demnaͤchſt aus ſeinem Miniſterium zu
5186 4066 6526 4140 ſcheiden. Dieſes Geruͤcht iſt zum wenigſten voreilig. Herr
5189 4115 6524 4187 Chacon wird ſein Portefeuille bis zur Eroͤffnung der Cortes be⸗
5190 4165 6527 4240 halten. Trotz der umlaufenden Geruͤchte kann man verſichern,
5193 4212 6528 4280 daß die verſchiedenen Mitglieder der Regentſchaft fortwaͤhrend in
5185 4277 5614 4325 voller Eintracht ſind.
5286 4306 6530 4368 Vollkommene Ruhe herrſcht in der Hauptſtadt und die Re⸗
5191 4357 6531 4428 gierung hat von keinem Punkte Depeſchen erhalten, welche geeig⸗
5194 4403 6533 4469 net waͤren, ihr Beſorgniſſe in Betreff der angeblichen republika⸗
5194 4457 5875 4519 niſchen Bewegungen zu erwecken.
5293 4499 6536 4566 In den gut unterrichteten Salons glaubt man allgemein,
5198 4549 6533 4615 daß der Herzog von Vitoria, falls er von den Cortes nicht zum
5199 4595 6537 4662 alleinigen Regenten ernannt werden wuͤrde, doch zum wenigſten
5200 4643 6536 4706 den Vorſitz der Regentſchaft erhalten duͤrfte, die dann aus drei
5198 4692 6056 4756 Mitgliedern zuſammengeſetzt werden ſolle.
5294 4732 6545 4795 An der Boͤrſe war heut ſtark die Rede von einem finanziellen
5198 4786 6540 4851 Projekte, deſſen Programm das „Eco del Comercio“ erſt nur un⸗
5197 4831 6539 4897 vollſtaͤndig mitgetheilt hat. Es wuͤrde ſich um ein von vier Ma⸗
5201 4881 6539 4941 drider Kapitaliſten ausgehendes Anerbieten handeln, der Regierung
5204 4927 6549 4985 90 Millionen Realen unter gewiſſen Bedingungen vorzuſchießen.
5609 5016 6124 5059 Griechenland.
5301 5070 6549 5129 Athen, 28. Febr. (A. Z.) Am 24ſten d. iſt (wie bereits
5204 5115 6552 5182 gemeldet) Maurokordato, der bisher in London beglaubigte Re⸗
5198 5164 6551 5228 praͤſentant Griechenlands (bekannt als der eigentliche Chef der
5205 5208 6554 5276 ſogenannten Engliſchen Partei), vom Koͤnige zum Conſeils⸗Praͤſi⸗
5209 5265 6555 5318 denten und Miniſter der auswaͤrtigen Angelegenheiten ernannt
5200 5307 6555 5376 worden; ſein Schwager Trikupis geht an ſeine Stelle als Mi⸗
5210 5358 6557 5422 niſter⸗Reſident nach London. Dieſe Koͤnigliche Entſchließung hat
5212 5402 6558 5467 in Athen eine hoͤchſt freudige Senſation erregt, da Maurokordato viele
5214 5455 6557 5515 Anhaͤnger und Freunde hat, und ſelbſt diejenigen, die nicht zu
5212 5497 6557 5562 ſeinen Freunden gehoͤren, freudige Reſultate erwarten von einem
5214 5552 6560 5618 ſo geiſtvollen Manne, der ſo lange im Auslande Erfahrungen
5215 5597 6560 5660 ſammelte. — Mit großer Spannung ſieht man in Athen Nach⸗
5216 5646 6562 5702 richten aus Kandien entgegen. Viele Kretenſer ſind aus Griechen⸗
5214 5691 6562 5740 land entwichen, darunter ſogar ein Oberſt in Koͤnigl. Griechiſchen
5206 5740 6565 5805 Dienſten, obgleich die Griechiſche Regierung ernſtliche Maßregeln
5215 5781 6561 5845 gegen dieſe heimlichen Entfernungen ergriffen hat, um ja dem
5215 5833 6560 5893 Verdachte vorzubeugen, als beguͤnſtige ſie dieſen Unfug, zu wel⸗
5221 5875 6563 5940 chem jedenfalls der Zeitpunkt ſchlecht gewaͤhlt iſt. Die Kandio⸗
5219 5929 6562 5987 ten verlangen gleiche Konzeſſionen, wie ſolche den Bewohnern
5219 5973 6562 6034 von Samos gewaͤhrt wurden; der Gouverneur Muſtafa Paſcha
5221 6020 6564 6080 hat ſeinen Secretair nach Konſtantinopel abgeſendet, um dar⸗
6544 366 7880 429 uͤber Inſtructionen einzuholen. Inzwiſchen bleibt die Bevoͤlke⸗
6546 415 7880 478 rung Kandiens unter den Waffen, und taͤglich verſtaͤrkt ſich der
6545 461 7879 526 Anhang derer, welche eine Umgeſtaltung verlangen. Man ſagt,
6548 509 7880 574 einige Handelshaͤuſer von Athen und Syra liefern ihnen Unter⸗
6548 577 6755 623 ſtuͤtzungen.
7078 635 7378 689 Mexiko.
6646 701 7883 760 Das Mexikaniſche Diario del Gobierno vom 15. und
6552 745 7909 815 16. Dezember enthaͤlt das von dem Finanz⸗Miniſter dem Natio
6548 798 7886 861 nal⸗Kongreſſe im vorigen Jahre vorgelegte Budget der Finanzen.
6549 843 7889 907 Der Miniſter aͤußert in dem einleitenden Berichte vom 14. Juli
6551 907 7085 953 unter anderem Folgendes:
6638 937 7890 1002 „Ich habe eine, für einen von Ehrgefühl beſeelten Miniſter höchſt
6550 981 7890 1038 delikate und peinliche Pflicht zu erfüllen, nämlich dem Kongreſſe einen
6552 1024 7891 1082 Bericht über den mir anvertrauten Verwaltungszweig der Finanzen
6552 1067 7892 1129 vorzulegen, damit die geſetzgebende Gewalt und die Nation von dem
6551 1105 7896 1167 Verfahren der Regierung in der Verwaltung und Verwendung der
6552 1152 7895 1207 Staats⸗Einnahmen während des Jahres 1839 Kenntniß bekomme, und jene
6554 1190 7895 1255 zugleich die erforderlichen Nachweiſe erhalten, um dann die künftigen Staats⸗
6555 1233 7898 1295 Ausgaben regeln, die zur Deckung derſelben nöthigen Steuern und Einkünfte
6556 1275 7895 1337 beſtimmen und die für das Finanzweſen der Republik ſo gebieteriſch
6556 1318 7897 1377 erheiſchten organiſchen und ſyſtematiſchen Maßregeln anordnen zu kön⸗
6558 1362 7898 1420 nen. Hierüber müßte denn auch freilich der vorliegende Bericht haupt⸗
6558 1402 7894 1458 ſächlich ſich verbreiten und befriedigende Aufſchlüſſe liefern; allein lei⸗
6561 1444 7898 1496 der haben ſich mit der Zeit immer größere Schwierigkeiten in den Weg
6564 1488 7899 1539 geſtellt, um mit Genauigkeit Nachweiſe über die Vergangenheit oder
6563 1530 7897 1579 Vorſchläge für die Zukunft geben zu können. Das mangelhafte Syſtem
6565 1571 7900 1622 in der gegenwärtigen Organiſation des Finanzweſens; der moraliſche
6566 1609 7901 1668 Zuſtand des ſeit 30 Jahren in einer Revolution von Ideen, Inter⸗
6564 1655 7903 1707 eſſen und Politik ſich bewegenden Landes; die Schlaffheit, worin die
6565 1691 7906 1749 Triebfedern der Regierung gerathen ſind; die fortwährende Beſchränkt⸗
6564 1739 7906 1790 heit, worin dieſe ſich befindet und wodurch die zur Erfüllung ihrer Ver⸗
6565 1782 7908 1833 bindlichkeiten erforderlichen Geldmittel beinahe auf nichts reduzirt wer⸗
6568 1823 7910 1873 den, und endlich die allgemeine Verwirrung, die daraus unmittelbar
6569 1868 7909 1924 und hauptſächlich für die einzelnen Theile, wie für das Ganze des
6566 1907 7912 1965 Finanzweſens entſtanden iſt, ſind in der That ebenſo viele Hinderniſſe
6568 1951 7911 2007 für jeden Miniſter, wie groß auch ſeine Fähigkeit ſeyn möge, den Er⸗
6567 1992 7913 2043 wartungen der Kammern und den Beſtimmungen des Geſetzes genüge
6567 2036 7910 2091 leiſten zu können. Abgeſehen davon, daß das jetzige Rechnungsweſen
6569 2079 7907 2129 und die ſchlechte Organiſation der Bureaus, einzeln für ſich, wie im
6569 2122 7907 2177 Ganzen betrachtet, eine Sammlung genauer Notizen, die Hauptgrund⸗
6569 2164 7910 2219 lage eines Berichtes unausführbar machen, müſſen auch die Schwierig⸗
6570 2206 7908 2258 keiten in Erwägung gezogen werden, welche der fortwährende Zuſtand
6569 2248 7910 2305 gewaltſamer Erſchütterung (estado perpetuo de agitacion), worin wir
6572 2291 7908 2342 leben, mit ſich führt, um ſich zu überzeugen, wie unvollftändig und
6572 2335 7909 2388 mangelhaft die Data ſeyn müſſen, die zu erlangen möglich ſind, woraus
6573 2375 7911 2431 folgt, daß die General⸗Finanz⸗Verwaltung kaum Zeit hat, fie
6575 2419 7909 2475 zu einer allgemeinen Ueberſicht zuſammenzuſtellen, ja kaum ſie
6572 2460 7912 2516 prüfen zu können, und daß dem Miniſter nur wenige Tage
6575 2505 7913 2557 übrig bleiben, in der Eile einen Bericht auszuarbeiten, der
6573 2543 7916 2597 doch ſeiner Natur und ſeinem Gegenſtande nach, vorhergängiges
6574 2590 7917 2638 Nachdenken und ein bedachtſames Studium der zur Grundlage dienen⸗
6575 2628 7918 2679 den Dukumente erfordert. Hierauf hinweiſend und geſtützt auf die Er⸗
6576 2670 7920 2725 fahrung ſo vieler Jahre, hat die Regierung bei verſchiedenen Gelegen⸗
6579 2709 7925 2764 heiten dem Kongreſſe zu erkennen gegeben, daß die ſechs Monate, die
6580 2749 7925 2804 dem mir übertragenen Miniſterium zur Berichterſtattung geſetzlich be⸗
6580 2787 7928 2849 ſtimmt ſind, nicht hinreichten und es zweckmäßig wäre, den Zeitraum
6583 2832 7929 2888 auf ein Jahr zu verlängern, womit auch ſchon 1835 der Anfang ge⸗
6584 2889 6872 2929 macht wurde.“
6685 2909 7939 2971 Nachdem der Miniſter bemerkt, daß aus den naͤmlichen
6589 2964 7940 3020 Gruͤnden wenig oder gar keine neue Vorſchlaͤge gemacht werden
6591 3005 7942 3066 koͤnnten, zumal die Verwaltung gegenwaͤrtig ihre ganze Thaͤtig⸗
6592 3054 7945 3111 keit darauf richten muͤſſe, nur fuͤr die Beduͤrfniſſe des Augenblicks
6595 3109 7260 3166 Rath zu ſchaffen, faͤhrt er fort:
6686 3148 7959 3200 „Der Kongreß kennt die mehr oder minder großen Ereigniſſe, welche
6593 3188 7950 3247 während des hier in Rede ſtehenden Zeitraums die Verlegenheiten des
6600 3230 7958 3288 Schatzes nothwendig aufs Aeußerſte treiben mußten; und ich erinnere
6600 3276 7948 3326 hier nur an die vornehmſten, wie der Krieg mit dem Departement
6599 3319 7947 3372 Texas, die Irrungen mit der Franzöſiſchen Nation und unſere inneren
6600 3356 7948 3410 Wirren. Dieſe drei Urſachen, nebſt den Folgen, welche ſie auf die
6598 3396 7948 3453 Operationen des Miniſteriums zur Deckung des Ausfalls gewöhnlicher
6596 3443 7943 3497 Hülfsquellen hatten, und in Verbindung damit die natürlichen Folgen
6598 3485 7942 3543 unſerer, bereits aus der Zeit unſerer Emancipation ſich herſchreibenden
6591 3525 7942 3579 ſtaatswirthſchaftlichen Fehler, vereinigten ſich wie auf einen Brenn⸗
6587 3564 7953 3623 punkt in dem meinem Eintritt ins Miniſterium vorhergehenden Zeit⸗
6596 3602 7938 3658 raum. So war, als ich das Miniſterium übernahm, die Regierung
6595 3648 7939 3699 mit einer außerordentlichen und dringenden Ausgabe von 200,000 Pia⸗
6593 3688 7937 3742 ſtern belaſtet, außer den 600,000, die, in Gemäßheit der mit dem Vice⸗
6593 3729 7933 3780 Admiral Baudin geſchloſſenen Uebereinkunft, binnen gewiſſer Friſten an
6592 3770 7934 3827 Frankreich zu zahlen waren, und dies zu einer Zeit, wo auf keine ein⸗
6591 3810 7933 3870 zige innere Hülfsquelle gerechnet werden konnte, indem die gewöhnlichen
6593 3854 7934 3907 und zufälligen Einkünfte kaum zur Deckung eines geringen Theils der
6592 3893 7934 3945 Bedürfniſſe der Verwaltung hinreichten, und es eben ſo wenig möglich
6592 3940 7932 3991 war, zum Kredit die Zuflucht zu nehmen, der in Folge des davon ge⸗
6593 3978 7932 4031 machten Gebrauchs verſchwunden war. Die Regierung, die bei ihren
6592 4014 7934 4075 allgemeinen Bedürfniſſen immer faſt allein noch auf die See⸗Zölle
6594 4064 7932 4117 rechnen konnte, hat ſich auch dieſer Hülfsquelle beraubt oder ſie doch
6595 4106 7933 4160 ungemein verringert, durch die Creirung der 12, 15 und 17procentigen
6594 4146 7933 4203 Fonds, zur ſchnellen Deckung außerordentlicher Ausgaben, welche in
6598 4188 7934 4248 Verbindung mit den Abzügen für die Zinſen der auswärtigen Schuld,
6598 4232 7902 4284 den Ertrag aus jenen Zöllen auf 39 ⅓ pCt. heruntergebracht haben.
6685 4275 7935 4331 In Gemäßheit der Beſtimmungen der Gefetze vom 8. Mai. 1826,
6598 4317 7937 4373 26. Januar 1831 und 17. April 1838 iſt der allgemeine Etat der
6600 4358 7934 4411 Staats⸗Einkünfte in den 12 Monaten des vorigen Jahres entworfen
6601 4400 7936 4454 und dem Kongreſſe vorgelegt worden. Der Geſammt⸗Ertrag der Ein⸗
6601 4442 7938 4499 künfte in dem genannten Zeitraum beläuft ſich auf 29,136,536 Piaſter,
6603 4487 7938 4540 und hiervon die Beſoldungen und Verwaltungs⸗Koſten mit 1,617,959
6603 4528 7936 4586 abgezogen, bleiben 27,518,577 Piaſter übrig. In Vergleich mit dem
6604 4570 7939 4627 am 1. Juli vorigen Jahres dem Kongreſſe vorgelegten, 18 Monate,
6604 4612 7939 4669 vom 1. Juli 1837 bis Ende Dezember 1838, umfaſſenden Etat, ſtellt
6606 4656 7942 4711 ſich das Reſultat heraus, daß ſich die Einnahmen um 75 pCt. ver⸗
6607 4696 7942 4750 mehrt und die Ausgaben um 29,774 Piaſter vermindert haben. Wenn
6608 4738 7947 4795 dieſe Vermehrung der Staats⸗Einkünfte effektiv wäre, ſo könnte man
6608 4780 7946 4837 ſich der Hoffnung hingeben, die Einnahmen mit den Ausgaben des
6609 4824 7947 4880 Schatzes bald ins Gleichgewicht gebracht zu ſehen. Allein der Ertrag,
6608 4865 7950 4921 der ſich in dem allgemeinen Etat der Staats⸗Einkünfte herausgeſtellt,
6610 4909 7949 4965 iſt keinesweges effektiv oder in Wirklichkeit vorhanden, und eben ſo we⸗
6613 4949 7953 5007 nig ſind die in dem Etat figurirenden Ausgaben ſämmtlich wirkliche
6615 4991 7951 5045 Staats⸗Ausgaben. Was nun dieſe letzteren betrifft, ſo ſind von jenen
6615 5035 7954 5089 27,518,577 Piaſtern verausgabt worden: 111,402 P. für das Miniſte⸗
6618 5077 7955 5128 rium der auswärtigen Angelegenheiten, 1,030,388 P. für das Miniſte⸗
6619 5120 7958 5175 rium des Innern, 7,088,140 P. für das Kriegs⸗ und Marine⸗Miniſte⸗
6622 5159 7956 5220 rium und 17,470,839 P. für das meiner Leitung anvertraute Finanz⸗Mi⸗
6621 5204 7957 5262 niſterium, wozu noch ein Poſten von 323,047 Piaſtern für Büreau⸗
6623 5247 7959 5304 Koſten ꝛc. kommt, ſo daß die Geſammt⸗Ausgaben 26,023,816 Piaſter
6623 5291 7957 5347 betragen, was einen Ueberſchuß von 1,494,760 P. in den Einnahmen
6624 5333 7959 5390 ergeben würde. Allein, wie geſagt, der hier aufgeſtellte Etat iſt nicht
6624 5377 7962 5430 der Wirklichkeit gemäß, indem viele Poſten als verwendete Summen
6626 5419 7963 5476 für den Staatsdienſt aufgeführt worden ſind, ohne daß genaue Rech⸗
6628 5462 7964 5519 nungs⸗Etats dabei zum Grunde liegen. So ſind namentlich von den
6629 5503 7967 5560 unter meinem Miniſterium aufgeführten 17,470,839 Piaſtern viele
6630 5545 7967 5608 Poſten nur nach allgemeiner Schätzung feſtgeſtellt worden, aus Man⸗
6629 5590 7966 5649 gel an den erforderlichen genauen Nachrichten. So weit der allge⸗
6631 5630 7968 5685 meine Einnahme⸗ und Ausgabe⸗Etat und die von mir hinzugefügten
6631 5672 7531 5731 nothwendigen Erläuterungen und Bemerkungen.
6721 5715 7970 5776 Ich gehe nunmehr zu den einzelneu Zweigen des Budgets über,
6633 5761 7968 5818 woraus ſich als Endreſultat ein muthmaßliches Defizit von 13,762,681
6634 5801 7971 5863 Piaſter für das nächſte Finanzjahr ergeben wird. Was zunächſt die
6634 5840 7971 5904 See⸗ und Gränzzölle betrifft, ſo liefern ſie für 1839 einen Brut⸗
6635 5884 7970 5945 to⸗Ertrag von 5,577,890 Piaſtern, und hievon ab, Beſoldungen und
6611 5925 7992 5988 Verwaltungs⸗Koſten zum Belaufe von 403,002 P., einen Rein⸗Ertrag von
6633 5972 7971 6028 5,174,888 Piaſtern. Hierzu Ueberſchuß von vorher zum Belaufe von
6632 6009 7973 6070 2,003,189 P. und dagegen ab früherer Rückſtand von 763,059 Piaſtern,
7941 320 9307 402 ſteigert den Geſammt⸗Ertrag auf 6,415,018 Piaſter. Dieſes Reſultat
7946 370 9307 444 hat ſich herausgeſtellt ungeachtet der Blokade unſerer Häfen von Sei⸗
7947 408 9309 489 ten Frankreichs, die für die Einfuhren keine andere Folgen gehabt hat,
7948 452 9312 529 als dieſelben auf einen ſpäteren Zeitpunkt hinauszuſchieben. Wenn die
7949 493 9312 573 Regierung die mögliche Vermehruug der See⸗Zoll⸗Einkünfte befördert
7949 538 9310 614 hat, ſo iſt es geſchehen, weil dieſelben die Haupt⸗Hülfsquelle des Staats⸗
7952 578 9307 659 ſchatzes bilden, und vermöge der dringenden Pflicht, ſämmtliche Ver⸗
7951 619 9313 699 waltungs⸗Zweige zu einem höheren Grade der Vollkommenheit zu brin⸗
7953 664 9311 743 gen; aber was ich ſchon ſo oft geſagt habt, wiederhole ich auch hier
7953 706 9312 785 auf das Feierlichſte, daß nämlich, die Vermehrung der Abgaben von ein⸗
7954 745 9312 827 geführten fremden Waaren nicht ohne Nachtheil für das Land geſchehen kann,
7955 787 9312 869 daß ferner die See⸗Zölle eine höchſt unzuverläſſige Hülfsquelle für die Re⸗
7956 834 9312 912 gierung bilden, und daß ſie daher ſämmtlich für die Tilgung der Na⸗
7956 879 9313 949 tional⸗Schuld verwendet und dagegen die Hülfsquellen im Innern dazu
7958 913 9312 994 dienen müßten, die Einnahmen mit den Ausgaben ins Gleichgewicht
7958 962 9310 1040 zu bringen. Was den Ertrag der Abgaben im Lande ſelbſt anbe⸗
7963 998 9314 1080 langt, ſo beläuft ſich derſelbe auf 3,684,548 Piaſter, alſo um 1,041,272
7964 1048 9311 1126 P. mehr als 1838. Es hat die Verkaufs⸗Steuer mehr eingebracht 175,001
7961 1092 9313 1165 Piaſter, die Verbrauchs⸗Steuer 709,247 P., die Abgabe von der Baum⸗
7966 1127 9316 1204 wolle 27,052 P., die 2 pCt. von dem in die Häfen eingeführten Gelde
7960 1175 9316 1250 136,277 P. und andere Abgaben zuſammen 1764 Piaſter, im Ganzen
7969 1214 9316 1296 1,049,341 Piaſter, und hiervon ab für Ausfälle 8,069 Piaſter, giebt
7957 1250 9316 1340 jene 1,041,272 Piaſter. Dagegen haben die direkten Steuern für
7973 1309 9312 1369 1839 einen Ausfall von 292,845 Piaſter gegen das Jahr zuvor erge⸗
7969 1339 9317 1413 ben, indem 1838 der Ertrag 915,563 P., dagegen 1839 nur 622,718 Pia⸗
7967 1375 9322 1458 ſter geweſen iſt. Auch der Ertrag aus den Salinen, Münzen, Poſi⸗
7968 1428 9318 1500 Verwaltung ꝛc. beläuft ſich auf 146,257 Piaſter weniger, als im Jahre
7973 1468 9320 1543 1838. So hat ſich denn freilich überhaupt ein Ueberſchuß von 838,440 Piaſter
7972 1516 9321 1588 zu Gunſten des Jahres 1839 gegen 1838 herausgeſtellt; allein bei ge⸗
7972 1557 9323 1623 nauerer Unterſuchung reduzirt ſich derſelbe auf nichts, da ſich weder
7975 1589 9327 1668 die Anſätze unter einander vergleichen, noch die Grundlagen, worauf
7976 1640 9321 1708 ſie beruhen, als ſicher betrachten laſſen. Wenn das erſte beſte Mittel,
7977 1688 9321 1753 augenblicklicher Verlegenheit abzuhelfen, eine Hülfsquelle genannt wer⸗
7978 1721 9321 1789 den kann, ſo belaufen ſich freilich die außerordentlichen Mittel, über
7981 1767 9321 1832 welche die Regierung 1839 hat verfügen können, bis auf 11,591,345
7981 1807 9324 1880 Piaſter. Allein bei näherer Erwägung ergiebt ſich klar, daß mit Aus⸗
7982 1851 9324 1919 nahme der außerordentlichen Auflage von 430,868 Piaſter, der 35,112
7983 1897 9324 1968 Piaſter an freiwilligen Beiträgen und anderen einzelnen Summen,
7983 1940 9325 2004 alles übrige nicht als effektiv dem Staatsſchatze zu gut gerechnet wer⸗
7983 1968 9328 2042 den kann. Ueberdies muß es jedenfalls von den obigen 27,518,577
7982 2020 9329 2092 Piaſtern des General Etats abgerechnet werden, und erſt das, was dann
7983 2061 9329 2130 übrig bleibt, kann als wirklich disponibler Einnahme⸗Fonds des Schat⸗
7985 2088 9328 2177 zes betrachtet werden. Was die auswärtige Schuld betrifft, ſo
7981 2144 9329 2216 ſind an die Stelle der alten Bons der 5 und 6 proc. Londoner An⸗
7980 2186 9334 2256 leihen neue Bons emittirt worden, zum Belaufe von 6,000,840 Pfd.
7981 2229 9334 2299 Sterl.; aber um die vom 1. Oktober 1837 bis 1. Juni 1838 rück⸗
7979 2272 9339 2348 ſtändigen und künftig fällig werdenden Zinſen zu decken, reichen ſo we⸗
7980 2311 9339 2388 nig die zu dieſem Zwecke geſtellten Hypotheken hin, als die Regierung
7980 2368 9035 2431 die dazu erforderlichen anderweitigen Hülfsmittel beſitzt.
8066 2386 9345 2469 Schließlich reihe ich an vorſtehendem Etat des abgelaufenen Fi⸗
7988 2439 9346 2517 nanzjahres eine Veranſchlagung des Budgets für das nächſte. Nach
7985 2483 9346 2553 den beſonderen Veranſchlagungen für die einzelnen Miniſterien würden
7988 2524 9349 2597 auf das Miniſterium der auswärtigen Angelegenheiten diesmal kommen:
7989 2564 9347 2635 329,270 Piaſter, auf das Miniſterium des Innern: 2,843,001 P., auf das
7994 2605 9349 2678 Kriegs⸗ und Marin⸗Miniſterium diesmal: 17,116,878 P., und auf das
7992 2646 9356 2723 Finanz⸗Miniſterium 1,547,632 Piaſter, im Geſammt⸗Betrage 21,836,781
7999 2687 9361 2765 Piaſter an Ausgaben. Die Brutto⸗Einnahme iſt veranſchlagt zu
8006 2724 9361 2798 12,874,100 Piaſtern, wovon aber abzurechnen ſind die Verluſte bei den
7989 2766 9365 2835 kreirten 8, 10, 15 und 17 proc. Fonds, den See⸗Zoll⸗Einnahmen, Zin⸗
7994 2801 9373 2882 ſen für die auswärtige Schuld u. ſ. w., zum Belaufe von 4,800,000
8002 2850 9371 2928 Piaſtern, ſo daß nur 8,074,100 Piaſter disponibel bleiben, folglich ein
8010 2898 9164 2965 Defizit von 13,762,681 Piaſtern ſich herausſtellen würde.“
8110 2940 9368 3005 Der Miniſter ſucht bei dieſer Gelegenheit namentlich die
8016 2984 9372 3062 ſtarken Veranſchlags⸗Summen fuͤr das Kriegs⸗ und Marine⸗Mi⸗
8017 3036 9368 3108 niſterium durch die gegenwaͤrtigen bedenklichen Umſtaͤnde, worin
8020 3091 8889 3156 ſich die Republik befinde, zu rechtfertigen.
8119 3130 9372 3200 Es iſt hier eine Flugſchrift erſchienen, die großes Aufſehen
8021 3180 9369 3253 gemacht hat und alle (uͤbrigens auch in dem obigen Bericht des
8021 3227 9372 3299 Finanz⸗Miniſters nicht verhehlten) Gebrechen der Republik und
8021 3272 9373 3343 deren Inſtitutionen kuͤhn und ruͤckſichtslos entſchleiert. Sie fuͤhrt
8021 3320 9372 3387 den Titel: Carta dirigenda al Escmo. Sr. Presidente de la Repu-
8020 3367 9374 3435 blica, sobre la necesidad de buscar en una Convencion el posible
8018 3414 9373 3478 remedio de los males que aquejan a la Republica; y opiniones del
8008 3462 9368 3526 autor acerca del mismo asunto, por J. M. Gutierrez Estrada,
8015 3509 9369 3575 Mexico 1840. (Schreiben an Se. Excellenz den Herrn Praͤſiden⸗
8013 3555 9363 3617 ten der Republik uͤber die Nothwendigkeit, in einem National⸗
8010 3603 9365 3665 Konvent die moͤglichen Mittel wider die Gebrechen, an denen die
8009 3648 9361 3714 Republik leidet, zu berathen; und Anſichten des Verfaſſers uͤber
8009 3694 9356 3757 den naͤmlichen Gegenſtand, von J. M. Gutierrez Eſtrada.)
7996 3743 9357 3804 Der Verfaſſer, ein vornehmer Mexikaner und außerdem mit einer
7996 3789 9358 3861 der groͤßten Familien des Landes verbunden, auch Mitglied des
8007 3834 9357 3900 Senats und fruͤher Miniſter der auswaͤrtigen Angelegenheiten,
8007 3883 9357 3953 hat durch ſeinen wiederholten Aufenthalt in Europa, in diploma⸗
8006 3927 9357 3996 tiſchen Miſſionen ſowohl, als auf eigene Koſten, einen fuͤr hier
8005 3977 9355 4046 ſeltenen Grad von Bildung und vorurtheilsfreier Erziehung er⸗
8006 4020 9357 4096 halten; er iſt in London wie in Paris wohl bekannt und geachtet,
8007 4074 9360 4132 und wurde bei ſeinem letzten Aufenthalt in Paris, waͤhrend des
8007 4117 9361 4187 Krieges zwiſchen Frankreich und Mexiko, von dem Grafen Molé
8006 4161 9360 4239 zu Rathe gezogen und vertheidigte damals mit Wuͤrde die Rechte
8007 4214 9361 4280 und die Ehre ſeines Landes. Ueberhaupt findet bei den Meiſten,
8008 4263 9363 4327 die ihn perſoͤnlich und ſeinen Charakter als Staatsmann kennen,
8008 4313 9363 4377 ſein Patriotismus, Edelſinn und ſeine Uneigennuͤtzigkeit die ge⸗
8009 4376 8482 4427 buͤhrende Anerkennung.
8104 4405 9366 4465 Was nun die Schrift ſelbſt anbelangt, ſo bemuͤht ſich Herr
8009 4450 9366 4520 Gutierrez Eſtrada darzuthun, daß der chroniſchen Anarchie Mexiko's
8010 4504 9368 4570 einzig und allein durch eine monarchiſche Verfaſſung ein
8011 4552 9366 4616 Ende gemacht werden koͤnne, und raͤth — wie aus Allem hervor⸗
8012 4598 9373 4666 zuleuchten ſcheint, durch den uneigennuͤtzigſten Eifer fuͤr das wahre
8013 4648 9372 4712 Wohl ſeines Vaterlandes getrieben — ſeinen Landsleuten und
8016 4695 9377 4758 dem Praͤſidenten der Republik (deſſen ihm gemachter Antrag zur
8016 4739 9382 4804 abermaligen Uebernahme des Miniſteriums der auswaͤrtigen An⸗
8019 4786 9384 4855 gelegenheiten er kurz vorher ausgeſchlagen hatte), einen Na⸗
8020 4837 9383 4898 tional⸗Konvent zuſammen zu berufen und einem auswaͤrti⸗
8020 4883 9385 4951 gen Prinzen den Mexikaniſchen Thron anzubieten. Nach⸗
8024 4930 9386 5006 dem er durch Beiſpiele aus der aͤlteren und neueren Ge⸗
8022 4978 9384 5046 ſchichte gezeigt, wie dem anarchiſchen Zuſtande eines Vol⸗
8024 5030 9384 5096 kes zuletzt immer nur durch die Herrſchaft eines Einzigen,
8025 5076 9388 5140 als alleiniges Rettungsmittel, ein Ende gamacht worden ſey, geht
8026 5124 9386 5188 er auf den gegenwaͤrtigen Zuſtand ſeines Vaterlandes uͤber, weiſt
8028 5171 9382 5240 die zerſtoͤrende Wirkung nach, welche die demokratiſche Verfaſſung
8029 5221 9382 5285 auf die wahre Freiheit, die Entwickelung und Civiliſation Mexi⸗
8030 5268 9382 5330 ko's und der meiſten uͤbrigen, ehemals Spaniſchen Kolonieen
8031 5314 9378 5384 hervorgebracht, ſchildert die graͤnzenloſe Zuͤgelloſigkeit und Anar⸗
8033 5364 9382 5430 chie, die in allen Theilen dieſes von der Natur ſo reich begabten
8033 5402 9377 5477 und durch Partei⸗Streitigkeiten und Buͤrgerkriege zerfleiſchten
8034 5457 9375 5525 Landes herrſcht, und ruft bei Gelegenheit der Schilderung der
8035 5496 9379 5575 Greuel, welche die Anarchiſten im Juli in Mexiko's Hauptſtadt
8032 5543 9367 5631 veruͤbt, namentlich auch der damaligen Verwuͤſtung des Natio⸗
8036 5588 9363 5672 nal⸗Palaſtes, ſeinen Landsleuten zu: „was werden unſere Nach⸗
8038 5635 9357 5718 kommen ſagen, wenn ſie hoͤren, daß man im Jahre 1840 im
8039 5683 9354 5762 Namen der Republik, der Freiheit, der Humanitaͤt und
8039 5723 9376 5810 der Civiliſation ein ſolches Werk der Zerſtoͤrung unternommen
8039 5775 9352 5859 und vollbracht hat?“ Dann weiterhin, S. 53, ſagt er in Be⸗
8039 5819 9348 5916 ziehung auf das von ihm vorgeſchlagene Rettungsmittel gegen
8041 5856 9354 5958 dieſen zerruͤtteten Zuſtand unter Anderem Folgendes: „Wenn
8040 5911 9345 6002 wir ſo fortfahren, ſo duͤrfte der Augenblick nicht fern ſeyn, wo
8040 5951 9348 6050 die uͤbrigen Nationen, ermuͤdet von dem Skandal, welches wir
