9816 6616
2589 408 2711 466 858
1788 492 3553 617 Allgemeiner Anzeiger.
690 690 1368 773 Bekanntmachungen.
542 805 665 846 [388 b]
763 781 1352 830 Bekanntmaſchung.
586 820 1546 885 Die Inhaber der Großherzoglich Poſenſchen Pfand⸗
545 864 1535 929 briefe werden hiermit in Kenntniß geſetzt, daß die Ver⸗
543 907 1534 973 looſung der in termino Johannis 1844 zum Tilgungs⸗
542 952 1534 1017 Fonds erforderlichen 4 und 3 ¼ proc. Pfandbriefe am
543 995 1535 1054 7. Dezember d. J. ſtattfinden, und daß die Liſte der
539 1039 1533 1104 gezogenen Pfandbriefe den nächſtfolgenden Tag in un⸗
539 1082 1536 1143 ſerem Geſchäfts⸗Lokale und den dritten Tag nach der
541 1127 1535 1189 Ziehung an den Börſen von Berlin und Breslau aus⸗
536 1169 1536 1231 gehangen werden und dieſer Aushang bis zu deren, Be⸗
536 1212 1537 1268 kanntmachung durch die öffentlichen Blätter dauern wird.
575 1260 1167 1317 Poſen, den 11. November 1843.
747 1302 1306 1345 General⸗Landſchafts⸗Direction.
527 1454 665 1506 [323 b]
773 1448 1293 1491 Proclama.
571 1492 1539 1545 Wenn der hieſige Kaufmann Heinrich Schwerdtfeger
530 1538 1540 1589 ſich veranlaßt gefunden, bonis zu cediren und über
529 1579 1538 1629 deſſen Vermögen am heutigen Tage der förmliche Kon⸗
529 1623 1538 1672 kurs erkannt worden, ſo werden zur genauen Feſtſtel⸗
528 1666 1536 1719 lung der Paſſivmaſſe alle diejenigen, welche an den
528 1707 1535 1762 Kaufmann Heinrich Schwerdtfeger und deſſen Vermö⸗
528 1753 1535 1811 gen, namentlich an das zu letzterem gehörige, an der
528 1795 1536 1851 Langeſtraße hierſelbſt sub No. 70. belegene, früher der
530 1838 1537 1891 Frau von Lepel, geb. v. d. Lanken, gehörig geweſene
530 1882 1536 1937 Wohnhaus c. p. aus irgend einem Rechtsgrunde For⸗
527 1925 1534 1980 derungen und Anſprüche zu machen ſich berechtigt hal⸗
528 1971 1384 2022 ten, hierdurch geladen, ſolche in einem der auf
527 2014 1537 2061 den 3. und 17. Novbr. d. J. und den 1. Dezbr.
644 2060 1416 2108 d. J., jedesmal Morgens 10 Uhr,
528 2100 1536 2158 angeſetzten Liquidations⸗Termine vor dem Stadtgerichte
528 2146 1536 2199 hierſelbſt gehörig anzumelden, zu verifiziren und die etwa
528 2189 1534 2238 dafür in Anſpruch zu nehmenden Vorzugsrechte an⸗
530 2234 1535 2283 und auszuführen, bei Vermeidung der in termino den
535 2275 1534 2324 15. Dezember d. J., Morgens 10 Uhr, auszuſpre⸗
531 2320 1535 2373 chenden Präkluſion und Abweiſung von der vorhande⸗
530 2361 1535 2413 nen Maſſe, wobei den auswärtigen Kreditoren hierdurch
532 2407 1536 2461 aufgegeben wird, hieſige Bevollmächtigte zu den Akten
532 2450 1536 2505 zu beſtellen, sub praejudicio, daß ſie ſonſt zu allen
533 2489 1537 2547 ferneren Verhandlungen in dieſer Konkursſache nicht
534 2537 1536 2593 werden zugezogen, vielmehr überall an die Beſchluß⸗
535 2582 1537 2637 nahme der hieſigen oder hier gehörig vertretenen Kre⸗
535 2633 1110 2673 ditoren werden vinkulirt werden.
578 2671 1540 2727 Zugleich werden Creditores hiermit geladen, in dem
540 2709 1540 2768 erſten Liquidations⸗Termine zur weiteren Beſchluß⸗
541 2758 1541 2804 nahme über die in Betreff der Maſſe zu ergreifenden
541 2801 1543 2856 Maßregeln und die dieſer Sache zur Vereinfachung
542 2848 1544 2898 derſelben zu gebende Einleitung ſich einzufinden, unter
544 2888 1545 2942 dem Präjudiz, daß die nicht Erſcheinenden an die Be⸗
547 2934 1548 2986 ſchlußnahme der Mehrheit der Erſcheinenden werden
550 2986 1008 3032 gebunden erachtet werden.
599 3021 1392 3064 Datum Greifswald, den 17. Oktober 1843.
680 3063 1440 3107 Direktor und Aſſeſſores des Stadtgerichts.
605 3108 1386 3155 (L. S.) Dr. Teßmann.
567 3262 684 3306 [1950]
750 3246 1381 3298 Ediktal⸗Citation.
614 3298 1572 3347 Nachdem wir über das Vermögen des hieſigen Kauf⸗
569 3346 1575 3390 manns Carl Ferdinand Burghardt, wozu nur
572 3385 1574 3434 Mobilien und namentllch einige Kolonial⸗Waaren⸗Vor⸗
560 3430 1572 3487 räthe gehören, unterm 21ſten d. Mts. wegen klaren
565 3467 1570 3523 Unvermögens zur Befriedigung der bereits bekannten
562 3514 1566 3566 Gläubiger den Konkurs aus rechtlichen Gründen von
561 3555 1564 3610 Amtswegen eröffnet haben, laden wir ſämmtliche Gläu⸗
559 3598 1562 3656 biger des gedachten Gemeinſchuldners zur Anmeldung
558 3642 1561 3695 und Ausweiſung ihrer Anſprüche an die Konkurs⸗
559 3698 738 3734 Maſſe auf
556 3728 1558 3779 den 28. Februar 1844, Vormittags 10 Uhr,
557 3773 1558 3821 vor dem Herrn Ober⸗Landesgerichts⸗Aſſeſſor v. Horne⸗
556 3815 1558 3863 mann unter der Verwarnung hiermit vor, daß dieje⸗
556 3860 1557 3917 nigen, welche in dieſem Termine nicht erſcheinen ſollten,
555 3903 1558 3956 mit allen ihren Forderungen an die Maſſe werden prä⸗
554 3947 1558 3998 kludirt und ihnen deshalb ein ewiges Stillſchweigen
554 4004 942 4046 wird auferlegt werden.
598 4034 1558 4083 Unbekannte oder am perſönlichen Erſcheinen verhin⸗
554 4078 1556 4134 derte Gläubiger können ſich an den hieſigen Juſtiz⸗Kom⸗
554 4122 1559 4176 miſſarius Herrn Reitzenſtein wenden und denſelben
554 4167 1495 4223 mit gehöriger Information und Vollmacht verſehen.
597 4211 1557 4264 In dem anberaumten Termine haben ſich die Gläu⸗
554 4256 1558 4310 biger zugleich über die Beibehaltung oder Abänderung
553 4299 1558 4350 des zum Interims⸗Kurator und Kontradiktor beſtellten
554 4343 1557 4395 Herrn Juſtiz⸗Kommiſſarius Goetſch, unter der Ver⸗
555 4385 1558 4444 warnung zu erklären, daß ſonſt darüber von Amtswegen
556 4443 920 4484 wird verfügt werden.
601 4490 1179 4539 Kolberg, den 24. Oktober 1843.
745 4553 1359 4601 Königl. Land⸗ und Stadtgericht.
556 4722 681 4768 [1945]
759 4722 1332 4761 Bekanntmachung.
605 4762 1556 4805 Es wird beabſichtigt, in den Straßen der hieſigen
567 4806 1557 4851 Stadt die Gasbeleuchtung einzuführen. An qualifizirte
564 4849 1563 4897 Unternehmungsluſtige ergeht demnach hiermit die Auf⸗
563 4895 1565 4939 forderung, mit dem Unterzeichneten hierüber in Unter⸗
567 4944 902 4983 handlung zu treten.
613 4985 1241 5024 Düſſeldorf, den 9. November 1843.
1064 5036 1510 5078 Der Ober⸗Bürgermeiſter
1168 5082 1427 5119 v. Fuchſius.
1131 5230 1264 5280 [377 b]
1244 5330 1473 5395 Berlin⸗
1191 5414 1533 5494 Frankfurter
1208 5502 1524 5579 Eiſenbahn.
702 5622 1524 5731 Tägliche Dampfwagenzüge
641 5710 1589 5801 vom 19. November 1843 ab.
851 5824 1400 5919 A. Perſonenzüge.
627 5934 1612 5988 Abfahrt von Berlin Mrg. 7 Uhr 45 M., Ab. 6 Uhr — M.
688 5978 1614 6024 ⸗ ⸗ Frankfurt ⸗ 8 ⸗ — ⸗ ⸗ 6 ⸗ 30 ⸗
616 6027 1617 6075 Ankunft in Frankfurt Mrg. 10 Uhr 30 M., Ab. 9 Uhr 10 M.
675 6074 1617 6120 ⸗ ⸗ Berlin ⸗ 10 ⸗ 45 ⸗ ⸗ 9 ⸗ 40 ⸗
653 6123 1613 6170 Mit den Perſonen⸗Zügen werden zwei Klaſſen von
599 6172 1612 6219 Perſonenwagen I. und II. Klaſſe, Equipagen und Eil⸗
592 6213 882 6255 fracht, befördert.
1896 672 2350 753 B. Güterzüge.
1661 757 2585 802 Abfahrt von Berlin Morgens 11 Uhr 30 Min.
1727 802 2571 844 ⸗ ⸗ Frankfurt Mittags 12 ⸗ — ⸗
1660 842 2585 889 Ankunft in Frankfurt Nachmitt. 3 Uhr 15 Min.
1727 887 2555 925 ⸗ ⸗ Berlin ⸗ 3 ⸗ 45 ⸗
1661 928 2626 977 Mit den Güterzügen werden Perſonen in Perſo⸗
1617 968 2627 1023 nenwagen II. Klaſſe und auf Stehplätzen, ſo wie Equi⸗
1618 1019 2339 1067 pagen, Frachtgüter und Vieh, befördert.
1661 1059 2627 1107 Die näheren Beſtimmungen ergiebt das Betriebs⸗
1619 1103 2627 1155 Reglement, welches auf allen Stationen für 1 Sgr.
1619 1156 1847 1199 zu haben iſt.
1663 1204 2242 1252 Berlin, den 9. November 1843.
1676 1264 2578 1316 Die Direction der Berlin⸗Frankfurter Eiſenbahn⸗
2016 1312 2224 1355 Geſellſchaft.
1617 1452 1757 1496 [368 b]
1622 1494 2630 1586 Berlin⸗Frankfurter Eiſenbahn.
1667 1576 2631 1631 Zur Bequemlichkeit der Reiſenden, welche auf der
1619 1619 2631 1669 Berlin⸗Frankfurter Eiſenbahn den gegenwärtig um
1620 1655 2633 1715 7 Uhr, vom 19. November ab um 7 ¾ Uhr Mor⸗
1618 1706 2633 1762 gens von hier abgehenden Perſonenzug benutzen wol⸗
1618 1750 2632 1801 len, können bei den unten bezeichneten Vorſtehern von
1619 1791 2632 1842 Berlins vereinigten Fuhrleuten bis 11 Uhr Nachts
1618 1832 2648 1892 Wagen zum Abholen der Reiſenden aus ihrer Woh⸗
1619 1876 2631 1935 nung nach dem Bahnhofe der Berlin⸗Frankfurter Eiſen⸗
1620 1933 1991 1974 bahn beſtellt werden.
1661 1963 2629 2019 Die Preiſe für das Abholen innerhalb Berlins
1619 2009 2629 2065 Ringmauern ſind, ohne Unterſchied der Entfernung,
1618 2061 1974 2108 wie folgt, feſtgeſetzt.
1612 2129 1873 2175 Von einem
1930 2096 2258 2148 1 Perſon 5 Sgr.
1929 2142 2251 2185 2 ⸗ 8 ⸗
2340 2091 2634 2139 einſchließlich
2318 2136 2636 2180 des tarifmä⸗
1617 2172 1890 2223 Punkte ab⸗
1918 2187 2253 2230 3 ⸗ 12 ⸗
2323 2182 2628 2229 ßigen Freige⸗
1671 2214 1832 2269 geholt
1923 2227 2244 2272 4 ⸗ 15 ⸗
2403 2228 2539 2269 päcks.
1660 2265 2629 2323 Kinder unter 10 Jahren zahlen die Hälfte.
1616 2313 2629 2372 Das Fahrgeld wird bei der Beſtellung erlegt und die
1617 2357 2629 2417 dafür auszureichende Marke nach zurückgelegter Fahrt
1617 2400 2627 2458 dem den Wagen begleitenden Conducteur ausgehändigt.
1661 2445 2627 2506 Für jede Beſtellung, gleichviel ob auf eine oder meh⸗
1620 2488 2630 2547 rere, von demſelben Punkte abzuholende Perſonen iſt
1620 2542 2233 2594 ½ Sgr. Schreibgebühr zu erlegen.
1630 2572 2629 2630 Eine Stunde vor Abgang des Eiſenbahn⸗
1620 2620 2630 2684 zuges, alſo gegenwärtig um 6 Uhr, vom 19. No⸗
1620 2664 2631 2720 vember an um 6 ¾ Uhr, muß jeder Mitfahrende mit
1621 2708 2634 2770 ſeinem Gepäck zum Einſteigen bereit ſein, und darf
1623 2755 2630 2808 unter keinen Umſtänden den abholenden Wagen warten
1624 2796 2630 2856 laſſen, bei Verluſt der Mitfahrt und des erlegten Fahr⸗
1625 2862 1739 2905 geldes.
1669 2888 2630 2946 Für Unterbringung des Reiſegepäcks ſorgt der den
1629 2929 2630 2990 Wagen begleitende Conducteur, der das Gepäck unter
1631 2973 2632 3031 Aufſicht behält und es auf dem Bahnhofe an die be⸗
1634 3017 2633 3074 treffende Expedition abliefert. Reiſende, die mehr als
1635 3060 2636 3115 das tarifmäßige freie Reiſegepäck mit ſich führen, haben
1640 3100 2638 3162 ſich über den dafür mehr zu entrichtenden Betrag mit
1641 3147 2640 3198 dem Conducteur zu einigen, der zu mäßiger Forderung
1646 3187 2641 3248 angewieſen iſt. Die Wagen werden bequem ſein und
1647 3239 2242 3290 höchſtens 6 Perſonen aufnehmen.
1695 3271 2646 3326 Wer es vorzieht, ſeparat durch eine Droſchke
1643 3317 2647 3376 ſür tarifmäßiges Fuhrlohn abgeholt zu werden, kann
1653 3356 2650 3416 ſolche unter Erwartung pünktlicher Bedienung daſelbſt
1652 3415 1970 3457 ebenfalls beſtellen.
1693 3451 2292 3504 Die gedachten Vorſteher wohnen:
1646 3492 2366 3544 Herr Friedländer, Karlsſtr. Nr. 36.
1659 3533 2447 3582 ⸗ Roſenberg, Landsbergerſtr. Nr. 1 g.
1671 3576 2429 3625 ⸗ Daetweiler, Prenzlauerſtr. Nr. 22.
1667 3617 2533 3665 ⸗ Sembdner, alte Schönhauſerſtr. Nr. 36.
1665 3658 2642 3715 ⸗ Spaarwald, Spaarwaldshof (Spittelmarkt 10).
1664 3706 2236 3753 ⸗ Damm, Wallſtr. Nr. 14.
1663 3748 2283 3799 ⸗ Gentz, Dresdnerſtr. Nr. 15.
1666 3788 2326 3842 ⸗ Winkler, Zimmerſtr. Nr. 36.
1667 3836 2292 3888 ⸗ Sange, Schützenſtr. Nr. 73.
1665 3879 2276 3935 ⸗ Poſer, Wilhelmſtr. Nr. 40.
1664 3921 2408 3973 ⸗ Daetweiler jun., Roßſtr. Nr. 30.
1683 3965 2266 4015 Berlin, den 7. November 1843.
1649 4019 2613 4076 Die Direction der Berlin⸗Frankfurter Eiſenbahn⸗
2022 4066 2238 4113 Geſellſchaft.
1915 4329 2037 4378 [387 b]
1992 4221 2542 4293 Berlin⸗Stettiner
2108 4312 2448 4391 Eiſenbahn.
1956 4393 2634 4439 Die Vermehrung des Güter⸗
1916 4438 2634 4485 verkehrs auf der Bahn macht es
1639 4487 2635 4577 nöthig, zwiſchen Berlin und Neu⸗
1638 4578 2637 4680 ſtadt von jetzt einen beſonderen Gü⸗
1640 4669 2638 4757 terzug einzulegen, welcher täglich um
1633 4759 2640 4850 8 Uhr 30 Minuten von Neu⸗
1636 4842 2641 4946 ſtadt abgehen, um 10 Uhr 21 Mi⸗
1632 4954 2640 5033 nuten in Berlin eintreſſen und von dort
1637 5032 2638 5114 aus um 12 Uhr 30 Minuten
1638 5130 2640 5217 nach Neuſtadt zurückkehren wird, woſelbſt
1639 5214 2643 5295 derſelbe Um 2 Uhr 16 Minuten
1642 5318 2255 5395 Nachmittags eintrifft.
1687 5382 2645 5442 Perſonen werden mit dieſem Zuge nicht be⸗
1646 5443 1805 5483 fördert.
1691 5481 2300 5526 Stettin, den 14. November 1843.
1839 5523 2446 5565 Das Direktorium.
1672 5865 1790 5906 [345 b]
2058 5673 2592 5757 Dampfſchifffahrt
2008 5763 2649 5848 zwiſchen Magdeburg
1923 5859 2397 5939 und Hamburg.
1783 5958 2542 6023 Dienſt für den Monat November.
1685 6041 2650 6142 V. Magdeburg: V. Hamburg:
1689 6138 2450 6203 jeden Sonntag Morg. 7 Uhr, jeden Sonntag
1723 6176 2459 6240 „ Dienſtag „ 10 „ „ Mittwoch
2479 6171 2655 6220 Morgens
1723 6223 2455 6285 „ Donnerſtag „ 7 „ „ Freitag
2505 6219 2635 6265 7 Uhr.
2749 651 3729 698 Schleppdienſt nach Bedürfniß wöchentlich.
2705 700 3078 744 ein⸗ bis zweimal.
2750 759 3729 807 Fahrbillete ertheilt die Paſſagier⸗Expedition der Ber⸗
2705 804 3731 850 lin⸗Anhaltiſchen Eiſenbahn⸗Geſellſchaft; jedoch geben
2706 848 3729 898 auch die Herren Herrmann & Meyer in Berlin,
2706 892 3729 941 Hausvoigteiplatz Nr. 12, jede genügende Aus⸗
2706 936 3731 985 kunft hinſichtlich der Paſſagier⸗ und Güter⸗Beförderung.
2703 1128 2805 1179 [261]
3028 1123 3410 1170 Editto.
2753 1188 3729 1241 L'Imp. Regio Tribunale di Prima Instanza Civile
2710 1231 3729 1278 in Venezia notifica all' assente d'ignoto domicilio
2711 1275 3729 1321 Emanuele Cutti del fù David di Venezia, rimasto
2711 1320 3728 1377 prigioniere di guerra nel 13. Novembre 1812, nella
2710 1362 3728 1418 Campagna di Russia a Smolensko, senza posteriori
2710 1407 3729 1456 notizie, avere Giuseppe, Sanna, Venturina, Ester ed
2709 1445 3739 1495 Enrichetta fratello e Sorelle di esso assente, nonchè
2711 1496 3731 1543 Santa Grego di lui Madre prodotta sotto il No.
2711 1539 3732 1584 43557 una istanza diretta a far pronunciare a senso
2714 1581 3733 1633 dei §§. 24. e 277. del Codice Civile la di lui di-
2715 1627 3732 1672 chiarazione di morte, ed aver questo Tribunale no-
2716 1670 3733 1713 minato Curatore ad esso Emanuele Cutti l'Avvo-
2714 1714 3733 1756 cato di Venezia Dr. Augusto Brenzoni per l'effetto
2713 1764 3286 1809 specificato nell Istanza stessa.
2759 1805 3732 1857 Viene percio eccitato col presente Editto, che
2712 1854 3731 1894 avrà forza di regolare intimazione, esso assente, e
2712 1889 3730 1941 d'ignoto domicilio Emanuele Cutti del fù David a
2711 1932 3731 1989 comparire, od in altro modo dare di se notizia a
2712 1976 3731 2033 questo Tribunale nel termine di un anno, colla
2711 2020 3733 2067 comminatoria, che non comparendo o non facendo
2713 2063 3730 2111 in altra guisa conoscere la sua esistenza entro il
2711 2108 3732 2158 termine sudd. si passerà a quella deliberazione, che
2706 2162 3008 2197 sarà di ragione.
2757 2205 3733 2260 Il presente sarà pubblicato ed affisso nei soliti
2710 2253 3734 2297 luoghi di Venezia, ed inserito in questa Gazetta
2709 2295 3736 2352 privilegiata, nonchè nell' altre di Milano, Vienna,
2709 2338 3736 2385 Berlino, Pietroburgo e Mosca a cura e spese délla
2710 2388 3495 2439 parte instante di trimestre in trimestre.
2754 2447 3735 2501 (L. S.) Dall' Imp. Regio Tribunale di Prima
3206 2494 3515 2527 Instanza Civile.
2758 2542 3318 2581 Venezia, 12. Dicembre 1839.
3076 2620 3374 2660 Edikt.
2752 2685 3737 2733 Das Kaiſerl. Königl. Civil⸗Tribunal 1ſter Inſtanz
2712 2730 3736 2782 in Venedig unterrichtet den abweſenden und ſich an
2713 2770 3736 2819 einem unbekannten Ort aufhaltenden Emanuel Cutti,
2712 2817 3736 2865 des verſtorbenen David's Sohn von Venedig, der am
2718 2859 3736 2907 13. November 1812 in der Schlacht gegen Rußland
2713 2902 3737 2956 in Smolensk Kriegsgefangener blieb und nachher nichts
2714 2947 3736 3000 mehr von ſich hören ließ, daß ſein Bruder Joſeph und
2714 2991 3734 3045 ſeine Schweſtern Sarina Venturina Eſter und Hen⸗
2715 3039 3739 3087 riette, ſo wie ſeine Mutter Santa Grego, unter der
2718 3078 3739 3128 Nr. 43557 eine Inſtanz beigebracht haben, damit er
2720 3121 3749 3168 nach dem Sinne der §§. 24 und 277 des Civil⸗Geſetz⸗
2724 3164 3748 3212 buches als todt erklärt werde; es unterrichtet ihn fer⸗
2725 3206 3750 3257 ner, daß es ihm zum Kurator den Advokaten in Ve⸗
2728 3249 3747 3304 nedig, Dr. Auguſt Brenzoni, zur Wahrung ſeiner Rechte
2730 3292 3745 3337 ernannt habe. Mit dieſem Edikt, das übrigens als
2730 3330 3747 3390 geſetzliche Intimazion zu betrachten iſt, wird der ab⸗
2730 3376 3744 3428 weſende und ſich unbekannt aufhaltende Emanuel Cutti,
2730 3424 3752 3472 des verſtorbenen David's Sohn, aufgefordert, zu er⸗
2729 3459 3749 3509 ſcheinen oder auf andere Weiſe dem hieſigen Tribunal
2727 3500 3748 3553 Nachricht von ſich zu geben, innerhblb einem Jahre,
2725 3543 3745 3594 mit dem Bemerken, daß, wenn er innerhalb dieſes Zeit⸗
2724 3589 3746 3640 raums nicht erſcheinen oder ſonſt Nachricht von ſich ge⸗
2725 3630 3747 3683 ben ſollte, man über ihn nach dem Geſetze beſchließen
2720 3672 3748 3730 würde. — Gegenwärtiges wird an den gewöhnlichen
2722 3717 3747 3772 Orten Venedigs publizirt und angeſchlagen und in die
2721 3763 3752 3819 hieſige privilegirte Zeitung, ſo wie in jene von Mai⸗
2721 3806 3745 3859 land, Wien, Berlin, St. Petersburg und Moskau, auf
2720 3851 3744 3904 Koſten der Bittſteller von 3 zu 3 Monaten eingerückt
2720 3908 2848 3942 werden.
2789 3963 3677 4010 Das Kaiſerl. Königl. Civilgericht 1ſter Inſtanz.
2763 4031 3399 4080 Venedig, den 12. Dezember 1839.
2832 4209 3601 4295 Literariſche Anzeigen.
2766 4315 3748 4375 Im Verlage der Hofbuchhandlung (E. Leiſb⸗
2717 4360 3743 4411 rock) in Braunſchweig iſt eben erſchienen und in
2719 4416 3752 4497 Berlin bei Ferd. Dümmler, Linden
2719 4503 3094 4546 Nr. 19, zu haben:
2721 4567 3747 4648 Ueber die Bildung der Stein⸗
3145 4662 3317 4729 kohle,
2718 4676 2842 4730 [1949]
2722 4740 3749 4786 nach Lindley und Hutten mit Rückſicht auf andere
2723 4782 3754 4835 darüber aufgeſtellte Anſichten. Von Aug. W. Stieh⸗
2866 4827 3605 4879 ler. gr. 8. Velinp. broſch. ½ Thlr.
2718 4997 2844 5041 [1952]
2766 5029 3759 5087 So eben iſt erſchienen und durch alle Buchhand⸗
2724 5078 3265 5128 lungen à 20 Sgr. zu haben:
2768 5138 3748 5192 Anweiſung zur Berechnung des Arbeitslohns und
2725 5184 3757 5229 der Materialien bei den in der Baukunſt vorkommen⸗
2727 5228 3749 5317 den Arbeiten des Tiſchlers, Schloſſers,
2732 5330 3752 5403 Schmidts, Drahtflechters, Glaſers, Anſtreichers,
2730 5402 3753 5454 Lackirers und Tapeziers. Mit 2 gr. Kupfert. in Fol.
3204 5457 3278 5486 vom
2819 5488 3666 5544 Königl. Reg. Bau⸗Inſpektor Sachs.
2775 5545 3764 5611 Zugleich machen aufmerkſam auf die für Bau⸗Unter⸗
2732 5591 3768 5654 nehmer, Architekten und Bau⸗Handwerker wichtigen Bau⸗
2733 5633 3759 5698 anſchläge von Sachs: 1) Der Maurer. 2) Der Zim⸗
2733 5679 3760 5736 mermann. 3) Der Steinmetz, Stucateur, Vergolder
2734 5741 2931 5787 à 1 ¼ Thlr.
2733 5786 3761 5842 34 Linden, Schlesingersche Buch- u. Musikhdlg.
2736 5976 2862 6022 [376 b]
2737 6007 3758 6094 Giesmannsdorfer Hefenpulver.
2787 6102 3762 6187 Dieſes neuerfundene Hefenpulver, wel⸗
2737 6186 3762 6286 ches Jahre lang ſeine Triebkraft
3814 671 4828 742 behält, hilft einem weſentlichen Mangel
3812 747 4833 789 ab und bietet Wiederverkäufern Gelegen⸗
3811 790 4832 837 heit, dieſen neuen Handels⸗Artikel in die
3811 833 4832 881 Hände des reſp. Publikums zu bringen, ohne
3812 877 4832 924 ſich der Gefahr auszuſetzen, daß ihnen durch
3813 920 4830 967 nicht ſchnellen Abſatz die Waare verdirbt,
3812 966 4720 1010 was bei jeder anderen Hefe der Fall iſt.
3860 1040 4832 1093 Auf portofreie Anfragen erhalten Wie⸗
3812 1087 4704 1127 derverkäufer nähere Auskunft von der
4048 1173 4610 1258 Preßhefen⸗Fabrik
3859 1286 4787 1327 des Dominii Giesmannsdorf bei Neiße.
3813 1636 3939 1687 [1951]
3858 1524 4799 1620 Redingson's Bedachung
4290 1638 4363 1681 mit
3818 1695 4834 1791 galvanisirten oxydfreien
4090 1784 4580 1850 Eisenplatten.
3864 1902 4838 1947 Die Erfindung Eiſenplatten oxydfrei herzuſtellen, zu
3815 1946 4836 1994 galvaniſiren und dadurch gegen Roſt und alle Witte⸗
3816 1990 4838 2040 rungs⸗Einflüſſe zu ſichern, hat die vielfach angeregte
3816 2023 4839 2083 wichtige Frage gelöſt, welche, Art der Dachdeckung die zweck⸗
3816 2078 4837 2127 mäßigſte und beſte ſei, und welches Material bei der größt⸗
3816 2120 4840 2174 möglichſten Dauerhaftigkeit am meiſten die Feuersgefahr
3816 2164 4835 2211 vermindere, ohne durch ſeine Koſtſpieligkeit eine allge⸗
3818 2208 4839 2257 meine Anwendung auszuſchließen. Wiewohl ſchon in
3817 2252 4840 2300 der Benennung des Materials ſelbſt, dem bisher nur
3818 2295 4839 2345 die oben erwähnte Eigenſchaft abging, um ihm vor
3819 2336 4845 2385 allen anderen Metallen und Compoſitionen bei Dach⸗
3818 2381 4839 2437 deckungen den unbedingteſten Vorzug einzuräumen, die
3820 2425 4839 2481 Bürgſchaft für die Vortheile liegt, welche deſſen An⸗
3820 2469 4838 2525 wendung gewährt, ſo wollen wir dennoch die Aufmerk⸗
3821 2514 4841 2567 ſamkeit auf einige der weſentlichſten Vortheile lenken,
3821 2560 4841 2607 welche die Deckung mit oxydfreien Eiſenplatten gegen
3821 2601 4740 2651 die mit Zink und anderen Bedachungen darbietet.
3842 2675 4841 2729 1) Ist Eisen unstreitig unter allen Metallen das
3912 2720 4841 2763 schätzbarste und nützlichste, es wird vermöge
3910 2761 4841 2806 seiner trefflichen Eigenschaften zu den wichtig-
3909 2804 4841 2850 sten Arbeiten verbraucht, verbindet Härte mit
3912 2848 4843 2894 Geschmeidigkeit, läſst sich gleich edlen Metal-
3913 2888 4844 2937 len in kaltem und warmem Zustande schmie-
3911 2936 4843 2984 den, hat wenig Schwindung und eignet sich
3911 2977 4841 3028 deshalb, durch unsere Erfindung verbessert,
3912 3030 4495 3080 hauptsächlich zur Bedachung.
3836 3097 4845 3156 2) Die von mir gefrischten und gewalzten Eisen-
3916 3140 4847 3199 platten sind vom feinsten Holzkohlen-Eisen,
3915 3184 4843 3231 frei von allem Oxyd, galvanisirt, komprimirt,
3917 3227 4843 3277 egalisirt und unterscheiden sich von allem übri-
3917 3272 4844 3322 gen Eisen durch sein moirirtes Farbenspiel.
3919 3314 4855 3358 Beweis: Man kann die Platten gleich verzinn-
3918 3358 4844 3402 tem Blech löten, sie sind sehr weich, biegsam
3917 3401 4705 3443 und lassen sich von allen Seiten falzen.
3838 3475 4847 3529 3) Ein Eisendach trotzt vermöge seiner dauerhaf-
3914 3520 4851 3560 ten und sehr festen Construction allen Elemen-
3914 3562 4846 3608 tar-Ereignissen, kann durch keinen Windsturm
3914 3608 4847 3653 abgerissen werden, sichert vollkommen gegen
3916 3650 4848 3696 Feuersgefahr, indem es nicht wie Zink oder
3918 3695 4853 3734 Blei schmilzt, und kann auf einfache Weise
3917 3726 4849 3777 durch Anstrich mit Eisenlack Jahrhunderte kon-
3916 3787 4208 3825 servirt werden.
3846 3859 4848 3914 4) Kann man ein Eisendach zu allen technischen
3919 3903 4854 3946 und häuslichen Zwecken benutzen, ohne be-
3918 3946 4849 3990 fürchten zu müssen, wie bei Zink Platten und
3919 3992 4636 4033 Falze zu vertreten und zu verletzen.
3838 4063 4854 4122 5) Kann man ein Eisendach zu jeder Jahreszeit decken,
3918 4109 4852 4155 indem alle Arbeiten vorher in den Werkstätten
3915 4151 4856 4206 geschehen, und hat nicht nöthig, wie bei Zink,
3918 4197 4863 4242 Feuer auf das Dach zu bringen, wodurch man-
3917 4244 4547 4291 chem Unglück vorgebeugt wird.
3842 4315 4861 4381 6) Hat man bei einem Eisendach durch Tempera-
3915 4359 4856 4413 turwechsel keine Reparaturen zu befürchten,
3920 4402 4865 4450 wie bei Zink, weil bei der gröſsten Kälte keine
3919 4458 4236 4500 Falzen springen.
3847 4517 4853 4583 7) Bei dem Umbau eines Hauses kann ein Eisen-
3921 4561 4855 4609 dach ohne Verletzung leicht abgenommen und
3921 4603 4852 4653 eben so wieder aufgelegt werden, was bei Zink
3922 4659 4274 4698 nicht der Fall ist.
3854 4722 4858 4785 8) Und das Wichtigste endlich: Eisenbedachun-
3921 4764 4857 4823 gen sind trotz aller hier angeführten Vorzüge
3919 4810 4855 4864 viel billiger, als alle anderen bisher üblichen
3920 4855 4855 4909 Metallbedachungen. So z. B. kosten circa: zu
3924 4893 4870 4953 100 □ Fuſs Eisenplatten 10 Thlr, Zink 16 Thlr.,
3922 4939 4858 4994 Blei 25 Thlr., Composition 35 Thlr., Kupfer
3915 4984 4858 5040 45 Thlr. Ja selbst Stein-, Harz- und Dorn-
3909 5028 4857 5087 sche Dächer sind viel theurer, wenn die resp.
3923 5071 4857 5133 kostspieligen Holzunterbauten, Reparaturen, und
3922 5102 4870 5172 im Vergleich mit Eisenbedachung, sehr zurück-
3917 5148 4872 5219 stehende Dauer, berücksichtigt werden und zur
3923 5221 4343 5261 Berechuung kommen.
3880 5270 4860 5335 Obſchon noch ſehr Vieles über die nützliche und vor⸗
3837 5309 4860 5379 theilhafte Verwendung galvaniſirter Eiſenplatten, die ſich
3838 5354 4859 5421 falzen, nieten und löthen laſſen, zu erwähnen wäre, ſo
3839 5399 4860 5459 überlaſſe ich es doch lieber der Einſicht und dem Gut⸗
3841 5445 4861 5499 achten der Herren Bau⸗Unternehmer, und bemerken nur
3842 5486 4861 5544 noch, wozu ſie ſich hauptſächlich ferner ſehr vortheilhaft
3842 5533 4863 5591 eignen, als nämlich zu Dachsäumen, Rinnen, Ablauf-
3844 5574 4870 5628 röhren, Gesimsen, Rauchfängen, Dachfenster, Be-
3844 5618 4875 5675 kleidungen bei Thüren und Läden, Luftröhren, Cy-
3845 5662 4875 5722 lindern u. dgl., sowohl bei Eisen- als auch bei Zie-
3843 5720 4332 5766 gel- und Schieferdächern.
3887 5781 4866 5840 Hundert Quadratfuß Fläche koſten 10 Thlr. preuß.
3845 5826 4864 5887 Courant per comptant frei vom Lager. Nähere Aus⸗
3844 5869 4865 5938 kunft ertheilt auf portofreie Briefe T. Redingſon,
3845 5922 4573 5968 Admiralitäts⸗Str. Nr. 24 in Hamburg.
6694 455 7654 559 Allgemeine
5857 596 8513 956 Preußiſche Zeitung.
5051 520 5643 564 Das Abonnement beträgt:
5137 578 5554 620 2 Rthlr. für ¼ Jahr.
5138 616 5556 667 4 Rthlr. ⸗ ½ Jahr.
5139 658 5558 705 8 Rthlr. ⸗ 1 Jahr.
5026 710 5683 760 in allen Theilen der Monarchie
5156 759 5565 812 ohne Preiserhöhung.
5029 810 5683 857 Inſertions⸗Gebühr für den
5031 854 5682 901 Raum einer Zeile des Allg.
5185 896 5529 952 Anzeigers 2 Sgr.
8679 580 9342 625 Alte Poſt-Anſtalten des In⸗ und
8676 623 9343 671 Auslandes nehmen Beſtellung
8675 664 9343 707 auf dieſes Blatt an, für Berlin
8671 703 9342 754 die Expedition der Allg. Preuſs.
8905 757 9073 799 Zeitung:
8700 792 9319 844 Friedrichsſtraſse Nr. 72.
5027 1082 5426 1183 No 142.
6348 1071 8004 1149 Berlin, Sonntag den 19ten November
9099 1067 9340 1138 1843.
5554 1310 5894 1363 Inhalt.
5029 1374 5422 1419 Amtlicher Theil.
5029 1404 6428 1471 Inland. Aſchersleben. Durchreiſe des Königs. — Mühlhauſen.
5072 1456 6423 1510 Dankfeier der Eliſabeth⸗Stiftung. — Berlin. Bekanntmachung des
5076 1500 6432 1554 Kriegs⸗Miniſteriums. — Perſonal⸗Veränderungen in der Armee. —
5078 1544 6425 1593 Bonn. Immatriculation des Prinzen Georg von Preußen. — Köln.
5078 1582 6442 1639 Fortbau am Dom. — Königsberg. Durchreiſe des Großfürſten Mi⸗
5079 1634 6072 1686 chael. — Verein zur Unterſtützung armer Schulkinder.
5034 1675 6423 1748 Deutſche Bundesſtaaten. Bayern. München. Unterſtützungs⸗
5078 1708 6425 1768 Verein für Kanzlei⸗Beamte. — Sammlung für die aus Griechenland
5080 1761 6431 1818 Zurückkehrenden. — Baden. Karlsruhe. Uebernahme des Miniſte⸗
5078 1805 6426 1855 riums des Auswärtigen durch Herrn von Duſch. — Großh. Heſſen.
5084 1848 6433 1902 Darmſtadt. Vorbereitungen zum Empfange des Großfürſten Thron⸗
5082 1897 5476 1945 folgers von Rußland.
5040 1938 6435 1993 Oeſterreichiſche Monarchie. Schreiben aus Wien. (Adels⸗Ver⸗
5081 1987 5781 2035 leihung; Leichen⸗Kammern; Selenite.)
5037 2017 6436 2082 Frankreich. Paris. Das Journal des Débats über die Majo⸗
5082 2066 6438 2128 renn⸗Erklärung der Königin Iſabella. — Bewegung im Hotel der Köni⸗
5082 2113 6440 2160 gin Chriſtine. — Transatlantiſche Dampfſchiffe. — Aufhören der Ueber⸗
5084 2165 5661 2207 ſchwemmungen. — Vermiſchtes.
5040 2202 6432 2270 Großbritanien und Irland. London. Ankunft des Herzogs von
5084 2246 6433 2294 Nemours. — Erklärung des Standard über die Veranlaſſung der
5084 2292 6002 2341 Reiſe des Herzogs von Nemours. — Vermiſchtes.
5041 2335 6244 2381 Schweiz. Luzern. Antwortſchreiben des Vororts an Zürich.
5043 2376 6434 2432 Spanien. Paris. Telegraphiſche Nachrichten. — Briefe aus Madrid.
5086 2424 6430 2467 (Näheres über den Mordanfall auf Narvaez und die Verhandlungen über
5086 2460 6432 2516 die Volljährigkeits⸗Erklärung der Königin.) — und Paris. (Barcelona
5081 2511 5771 2559 ſcheint der Uebergabe nahe; Gerona.)
5046 2554 6434 2595 Griechenland. Schreiben aus München. (Nachträgliches über das
5098 2596 6446 2657 Schickſal der Deutſchen in Griechenland; Geldſendungen dahin; die Op⸗
5085 2641 6436 2686 poſition auf Hydra; die bayerſchen Meiſter und die griechiſchen Lehrlinge.)
5044 2685 6443 2728 Vereinigte Staaten von Nord⸗Amerika. Schreiben aus New⸗
5083 2728 6439 2779 York. (Wiederherſtellung der Unabhängigkeit der Sandwichs⸗Inſeln;
5091 2776 5707 2816 Umſichgreifen des gelben Fiebers.)
5053 2814 6435 2861 Braſilien. Rio Janeiro. Vermählungs⸗Feierlichkeiten. — Bevor⸗
5093 2856 5865 2907 ſtehender Schluß der Kammer⸗Sitzungen.
5052 2902 6438 2956 Eiſenbahnen. Brief aus Prag. (Geſetzliche Beſtimmungen über die
5098 2944 6439 2990 Entſchädigungen bei Staats⸗Eiſenbahnen.) — Mailand. Venedig⸗
5099 2994 5410 3026 Mailänder Bahn.
5044 3033 6444 3085 Handels⸗ und Börſen⸗Nachrichten. Berlin, Stettin, Dan⸗
5092 3075 6443 3126 zig, Breslau, Magdeburg, Hamburg. Marktbericht. — Paris.
5101 3120 5216 3161 Börſe.
5050 3207 6445 3253 Beilage. Inland. Breslau. Bernſtein⸗Lager. Liegnitz. Hun⸗
5091 3249 6444 3294 dertjähriges Denkfeſt der Schule zu Eckersdorf. — Deutſche Bun⸗
5094 3293 6459 3339 desſtaaten. Freie Städte. Frankfurt a. M. Preis⸗Aufgaben. —
5098 3340 6450 3383 Mexiko. Schreiben aus Paris. (Verbot des Detailhandels für
5094 3381 5313 3422 Ausländer.)
5048 3417 5944 3466 Die Verbrecher⸗Kolonieen Englands. (Schluß.)
5362 3634 6120 3748 Amtlicher Theil.
5100 3773 6168 3823 Se. Majeſtät der König haben Allergnädigſt geruht:
5154 3816 6453 3864 Dem Major von Wolffersdorff der 7ten Gendarmerie⸗
5058 3866 6446 3916 Brigade und dem Geheimen Medizinalrath und Profeſſor Dr. Otto
5056 3914 6450 3970 zu Breslau, den Rothen Adler⸗Orden dritter Klaſſe mit der Schleife;
5058 3963 6463 4020 ſo wie dem Land⸗ und Stadtgerichts⸗Direktor, Ober⸗Landesgerichts⸗
5060 4012 6453 4064 rath Horn zu Bromberg, und dem Bürgermeiſter Havenith zu
5060 4061 6442 4110 Rären im Kreiſe Eupen, den Rothen Adler⸗Orden vierter Klaſſe; ferner
5163 4104 6458 4162 Beim Kriegs⸗Miniſterium dem Geheimen expedirenden Secretair,
5058 4160 6456 4210 Kriegsrath Aſchoff, den Charakter als Geheimer Rechnungs⸗Rath,
5055 4210 6460 4258 dem Geheimen expedirenden Secretair und Kalkulator Landſchulz
5064 4259 6460 4308 den Charakter als Kriegsrath, dem Geheimen Regiſtrator Fiebig
5059 4308 6466 4356 den Charakter als Regiſtratur⸗Rath, und dem Geheimen Kanzlei⸗
5064 4358 6350 4411 Inſpektor Walter den Charakter als Kanzleirath zu verleihen.
5162 4489 6472 4538 Bei der heute fortgeſetzten Ziehung der 4ten Klaſſe 88ſter König⸗
5064 4538 6465 4589 lichen Klaſſen⸗Lotterie fiel ein Hauptgewinn von 10,000 Rthlr. auf
5064 4588 6462 4635 Nr. 1997 in Berlin bei Klage; 2 Gewinne zu 2000 Rthlr. fielen
5064 4637 6462 4684 auf Nr. 50,924 und 81,243 in Berlin bei Seeger und nach Potsdam
5065 4686 6461 4733 bei Hiller; 31 Gewinne zu 1000 Rthlr. auf Nr. 3716. 9727. 9734.
5064 4735 6462 4787 16,208. 17,021. 21,104. 22,090. 23,640. 31,759. 33,746. 35,815.
5059 4786 6462 4834 40,384. 45,113. 48,630. 50,565. 52,135. 52,359. 60,457. 60,512.
5064 4835 6463 4887 60,540. 64,826. 66,112. 67,910. 69,145. 69,692. 76,427. 77,321.
5065 4883 6473 4938 78,157. 82,827. 83,117 und 83,559 in Berlin bei Burg, bei Mar⸗
5073 4933 6463 4983 cuſe, 2 mal bei Meſtag, 2 mal bei Moſer und 5 mal bei Seeger, nach
5074 4983 6461 5031 Breslau bei Gerſtenberg und 2 mal bei Schreiber, Düſſeldorf 2 mal
5074 5030 6463 5080 bei Spatz, Glatz bei Braun, Halberſtadt bei Sußmann, Halle 3 mal
5075 5080 6465 5126 bei Lehmann, Iſerlohn 2 mal bei Hellmann, Landshut bei Naumann,
5073 5128 6465 5182 Liegnitz 2 mal bei Leitgebel, Magdeburg bei Brauns, Merſeburg
5072 5177 6466 5228 bei Kieſelbach, Nordhauſen bei Schlichteweg und nach Stettin 2 mal
5071 5227 6466 5274 bei Wilsnach; 28 Gewinne zu 500 Rthlr. auf Nr. 2607. 6347.
5068 5276 6467 5325 10,028. 13,168. 20,272. 22,361. 26,336. 28,857. 32,245. 35,734.
5072 5325 6468 5373 40,386. 41,853. 44,334. 46,931. 47,228. 50,336. 53,375. 57,684.
5072 5373 6466 5421 63,479. 64,194. 67,317. 68,302. 74,189. 75,446. 77,394. 80,313.
5072 5425 6469 5473 80,729 und 83,927 in Berlin bei Baller, bei Burg und 2 mal bei
5074 5473 6470 5525 Seeger, nach Breslau bei Holſchau und 5 mal bei Schreiber, Cöln
5073 5520 6470 5571 2 mal bei Reimbold, Danzig bei Rotzoll, Düſſeldorf bei Spatz, Glatz
5073 5571 6469 5620 bei Braun, Glogau bei Levyſohn, Halberſtadt 2 mal bei Sußmann,
5077 5618 6471 5671 Halle bei Lehmann, Königsberg in Pr. 2 mal bei Heygſter, Liegnitz
5078 5667 6472 5719 bei Leitgebel, Magdeburg bei Büchting, Marienwerder bei Beſtvater,
5078 5714 6471 5770 Sagan 2 mal bei Wieſenthal, Weißenfels bei Hommel und nach
5079 5763 6472 5811 Wrietzen bei Paetſch; 53 Gewinne zu 200 Rthlr. auf Nr. 1047.
5078 5813 6473 5862 4554. 7498. 10,016. 10,979. 11,012. 12,570. 12,759. 14,697.
5085 5859 6474 5912 14,840. 15,559. 20,915. 22,437. 23,652. 24,982. 25,088. 25,938.
5077 5910 6474 5962 27,551. 28,323. 31,951. 33,102. 33,927. 35,471. 39,148. 40,312.
5069 5957 6474 6008 42,082. 43,164. 43,922. 44,614. 46,949. 47,422. 47,613. 47,916.
5077 6003 6474 6068 47,920. 50,516. 52,725. 53,052. 54,382. 54,557. 55,135. 60,557.
5076 6057 6475 6109 62,610. 65,160. 65,227. 72,044. 73,061. 73,155. 76,177. 77,562.
5079 6105 5842 6150 78,174. 78,722. 79,093 und 83,244.
5177 6155 5842 6201 Berlin, den 18. November 1843.
5318 6204 6240 6255 Königl. General⸗Lotterie⸗Direction.
6592 1291 7886 1337 Dem Bau⸗Conducteur Müller und Fabrikbeſitzer Henry Gau
6497 1342 7764 1400 zu Oranienburg iſt unter dem 15. November 1843 ein Patent
6699 1386 7900 1440 auf eine für neu und eigenthümlich erachtete, durch Zeich⸗
6698 1440 7888 1488 nung und Beſchreibung nachgewieſene Vorrichtung zum Pa⸗
6701 1493 7219 1537 riren ſcheuer Wagenpferde
6504 1537 7890 1589 auf 5 Jahre, von jenem Tage an gerechnet, und für den Umfang
6505 1581 7122 1632 der Monarchie ertheilt worden.
6704 1796 7684 1906 Nichtamtlicher Theil.
7028 1938 7381 2002 Inland.
6608 2020 7892 2083 * Aſchersleben, 14. Nov. Heute Abend gegen 7 Uhr
6511 2069 7897 2122 ſind Se. Majeſtät, unſer innigſt verehrter König, Se. Majeſtät der
6509 2118 7897 2175 König von Sachſen und Ihre Königlichen Hoheiten der Prinz von
6510 2167 7898 2221 Preußen und der Prinz Karl von Preußen unter freudigem Jubel
6512 2213 7903 2266 der Einwohnerſchaft hier eingetroffen und haben nach geſchehenem
6513 2263 7903 2321 Pferdewechſel Höchſtihre Reiſe nach dem Falkenſtein bei Meisdorf
6515 2315 7898 2372 fortgeſetzt, wo am 15ten und 16ten Jagd in den Forſten des Gra⸗
6514 2365 7900 2419 fen von der Aſſeburg gehalten wird. Die Thore und Häuſer der
6520 2416 7900 2467 Stadt, ſo wie die neben der Stadt belegene Ruine der alten
6514 2462 7900 2513 Burg Askanien, einſt der Sitz Albrecht's des Bären, waren feſtlich
6514 2525 6686 2565 erleuchet.
6610 2561 7902 2615 Se. Majeſtät der König von Hannover haben ebenfalls am
6517 2609 7903 2670 heutigen Tage die Stadt Quedlinburg paſſirt und Höchſtihre Reiſe
6519 2663 7156 2715 nach dem Falkenſtein fortgeſetzt.
6619 2760 7906 2813 * Mühlhauſen in Thüringen, 13. Nov. Die unter dem
6519 2806 7908 2861 beſonderen Schutze Ihrer Majeſtät, unſerer Königin, ſtehende hieſige
6518 2851 7903 2911 Eliſabeth⸗Anſtalt, ein Vereins⸗Inſtitut, welches ſich die geiſtige
6518 2902 7897 2958 und leibliche Auſhülfe armer verwahrloſter Mädchen zur Auf⸗
6520 2952 7897 3010 gabe macht, dabei auch eine Kleinkinderſchule unterhält und leitet,
6519 3003 7899 3061 feierte in recht ſinniger Weiſe den heutigen Tag, an welchem
6524 3049 7899 3104 ihrer hohen Beſchützerin die Sonne eines neuen Lebensjahres aufge⸗
6522 3099 7908 3162 gangen. In dem feſtlich geſchmückten und mit dem bekränzten Bild⸗
6525 3146 7904 3202 niſſe der hochverehrten Protektorin gezierten Arbeitsſaale der Mädchen
6525 3194 7908 3252 verſammelte am heutigen Nachmittage der Vorſtand der Anſtalt im
6524 3242 7917 3310 Beiſein der ſtädtiſchen Behörden und der Mitglieder des Jungfrauen⸗
6527 3279 7908 3355 Vereins ſämmtliche Zöglinge, auch die bereits der Anſtalt entwachſe⸗
6526 3342 7913 3398 nen, und nachdem ein frommer Geſang die Gemüther zur Andacht
6525 3393 7911 3451 geſtimmt hatte, wurden die Zöglinge in einer an ſie gerichteten ge⸗
6523 3437 7907 3495 müthlichen und erbaulichen Anſprache des Rektors Fehre auf die Be⸗
6522 3483 7906 3540 deutung des Tages, auf das erhabene Vorbild echter Frömmigkeit,
6520 3533 7903 3584 welches in der Königin uns voranleuchte, hingewieſen und ermahnt,
6523 3577 7901 3636 der großen Wohlthat, Zöglinge einer Eliſabeth⸗Anſtalt zu ſein,
6517 3626 7899 3686 ſich immer würdig zu zeigen. Ein inbrünſtiges Gebet für die Kö⸗
6520 3676 7902 3735 nigin und ein abermaliger Geſang ſchloß die ernſte und rührende
6514 3735 6621 3785 Feier.
6621 3811 7908 3880 Berlin, 18. Nov. Das heute ausgegebene Militair⸗
6526 3866 7910 3929 Wochenblatt enthält folgende amtliche Bekanntmachung des Kriegs⸗
6525 3932 6791 3978 Miniſteriums:
6625 3961 7914 4027 „Im greifswalder Kreiſe in Neu⸗Vorpommern war es ſeit ge⸗
6531 4015 7911 4074 raumer Zeit mehreren pflichtvergeſſenen Perſonen gelungen, durch
6532 4062 7910 4129 vielfache Betrügereien, Fälſchung von Urkunden, Leiſtung falſcher
6535 4113 7912 4171 Eide ꝛc. Militairpflichtige von der Erfüllung der ihnen obliegenden
6536 4166 7636 4219 allgemeinen Militairdienſtpflicht geſetzwidrig zu befreien.
6639 4211 7914 4267 Dieſe Militairdienſtpflichtigen ſind, ſo weit ſie irgend haben er⸗
6537 4258 7922 4315 mittelt werden können, bereits im verwichenen Jahre zur nachträg⸗
6539 4319 7630 4369 lichen Ableiſtung ihrer Dienſtpflicht eingezogen worden.
6640 4357 7920 4417 Gegen die Betrüger ſelbſt iſt gegenwärtig rechtskräftig erkannt,
6539 4405 7923 4466 und ſind einerſeits durch das Königl. Kreisgericht zu Greifswald in
6540 4456 7930 4517 erſter, und durch das dortige Ober⸗Appellationsgericht in zweiter In⸗
6541 4506 7924 4564 ſtanz, andererſeits durch ein von Sr. Majeſtät dem Könige unterm
6539 4552 7925 4610 26. Oktober c. Allerhöchſt beſtätigtes kriegsgerichtliches Erkenntniß
6540 4602 7926 4664 die hauptſächlichſten Verbrecher zu folgenden Strafen verurtheilt
6540 4675 6694 4706 worden:
6637 4701 7929 4759 1) der Barbier A., wegen vielfacher, zum Theil mit Verfälſchung
6540 4750 7930 4810 von Urkunden, verübter Betrügereien, Behufs der Befreiung Militair⸗
6541 4802 7930 4862 pflichtiger von der Aushebung, unter Verluſt der National⸗Kokarde
6542 4860 7194 4910 zu ſechsjähriger Zuchthausſtrafe;
6633 4900 7932 4956 2) der landräthliche Privatſchreiber R. wegen Verfälſchung der
6542 4944 7932 5009 Erſatz⸗Liſten und Loſungs⸗Scheine zu demſelben Zweck, desgleichen
6542 4992 7937 5057 wegen Betrügerei und Erpreſſung, unter Verluſt der National⸗Ko⸗
6542 5055 7305 5106 karde zu vierjähriger Zuchthausſtrafe;
6632 5095 7932 5155 3) der Chirurgenſchüler M. wegen mehrfachen zum Theil mit
6543 5146 7931 5206 Anfertigung falſcher Urkunden verübten Betrugs, unter Verluſt der
6543 5199 7577 5251 National⸗Kokarde mit zweijähriger Zuchthausſtrafe;
6634 5242 7930 5304 4) der Ober⸗Polizei⸗Sergeant N. wegen Ablegung eines falſchen
6546 5294 7931 5354 Zeugniſſes an Eidesſtatt in einer Erſatz⸗Angelegenheit, Verletzung
6546 5341 7929 5403 ſeiner Amtspflicht in Beziehung auf richtige Führung der Stammliſten
6549 5392 7929 5453 aus Eigennutz, Mißbrauch ſeines Amts zum Drucke der Unterthanen
6546 5431 7934 5496 des Staats, zur Amts⸗Entſetzung, Unfähigkeit zu allen ferneren
6548 5487 7928 5551 öffentlichen Aemtern, Verluſt der National⸗Kokarde, achtzehnmonatlicher
6545 5535 7926 5599 Zuchthausſtrafe und einer Geldbuße von 624 Rthlr., welcher, im Fall
6547 5579 7937 5647 des Unvermögens, noch eine fünfmonatliche Zuchthausſtrafe ſubſti⸗
6549 5650 6713 5695 tuirt iſt;
6642 5681 7925 5745 5) der Chirurgenſchüler A. wegen Fälſchung einer öffentlichen
6548 5731 7925 5793 Urkunde, Mißbrauchs eines öffentlichen Siegels und wegen Betrugs,
6548 5781 7924 5842 zum Verluſt der National⸗Kokarde und ſechsmonatlicher Zuchthaus⸗
6550 5831 7767 5894 ſtrafe (unter theilweiſer Anrechnung des erlittenen Arreſtes);
6651 5868 7929 5940 6) der Wirthſchafter B. wegen Anfertigung einer falſchen Pri⸗
6550 5921 7929 5991 vatſchrift, Ablegung falſchen Zeugniſſes zur Befreiung eines Militair⸗
6550 5977 7931 6040 pflichtigen von der Aushebung und wegen anderer Betrügereien, zum
6551 6019 7908 6088 Verluſt der National⸗Kokarde und zu viermonatlicher Zuchthausſtrafe;
6654 6073 7935 6136 7) der Schulze F. wegen Theilnahme an den Betrügereien des
6552 6122 7937 6185 Schreibers R. (ſiehe 2), wegen Ablegung eines falſchen Zeugniſſes
6552 6171 7939 6234 an Eidesſtatt Behufs der Befreiung eines Militairpflichtigen von der
6553 6221 7941 6284 Aushebung und wegen Verletzung ſeiner Amtspflicht um Gewinns
6553 6269 7941 6333 willen, zur Entſetzung von ſeinem Schulzen⸗Amte, Unfähigkeit zu allen
7965 1286 9350 1334 ferneren öffentlichen Aemtern, Verluſt der National⸗Kokarde, einjähri⸗
7965 1334 9350 1388 ger Zuchthausſtrafe und einer Geldbuße von 160 Rthlr., eventualiter
7961 1374 8751 1433 noch zu einmonatlicher Zuchthausſtrafe;
8061 1434 9351 1488 8) der Schulze M. wegen Abgabe eines falſchen Zeugniſſes vor
7968 1477 9353 1530 der Erſatz⸗Kommiſſion und Bekräftigung deſſelben auf ſeinen Amtseid
7968 1533 9352 1579 unter Mißbrauch ſeines Amts⸗Siegels, zur Entſetzung von ſeinem
7973 1582 9351 1629 Schulzen⸗Amte, Unfähigkeit zu allen ferneren öffentlichen Aemtern,
7967 1631 9320 1678 Verluſt der National⸗Kokarde und dreimonatlicher Zuchthausſtrafe;
8066 1681 9356 1729 9) der Landwehr⸗Bataillons⸗Arzt Dr. B. wegen Beſtechung,
7967 1729 9356 1775 verbunden mit verübten Pflichtwidrigkeiten und Betrügereien im Amte,
7971 1777 9359 1832 zur Entſetzung von ſeinem Amte als Bataillons⸗Arzt, Unfähigkeit zu
7972 1825 9360 1876 allen ferneren Aemtern, Verluſt der National⸗Kokarde und zu einem
7974 1872 8811 1918 drei und einvierteljährigen Feſtungsarreſt;
8076 1918 9366 1969 10) der Landwehr⸗Bataillonsſchreiber, Unteroffizier P., wegen
7976 1967 9369 2020 theils unternommener, theils ausgeführter Fälſchung öffentlicher Liſten
7973 2015 9372 2077 Behufs Befreiung Militairpflichtiger, unter Degradation zum Ge⸗
7976 2065 9371 2116 meinen, Verſetzung in die zweite Klaſſe des Soldatenſtandes, Verluſt
7976 2111 9383 2159 des National⸗Militair⸗Abzeichens und der National⸗Kokarde, zu ſechs⸗
7977 2162 9380 2214 monatlicher Feſtungsſtrafe durch Einſtellung in eine Feſtungs⸗Straf⸗
7978 2222 8193 2265 Abtheilung.
8081 2260 9374 2322 Da die Entdeckung der vorgefallenen Betrügereien zu ihrer Zeit
7979 2308 9379 2365 großes Aufſehen im Publikum erregt hat, ſo wird Veranlaſſung ge⸗
7979 2351 9379 2418 nommen, das obige Ergebniß der ſtattgehabten Unterſuchungen hier⸗
7981 2408 9380 2460 durch bekannt zu machen, mit dem Bemerken, daß ein Bataillonsarzt
7981 2457 9383 2509 und ein Landwehr⸗Feldwebel, welche von der Anſchuldigung der Be⸗
7982 2492 9371 2561 ſtechung und verübter Pflichtwidrigkeiten im Amte zwar freigeſprochen
7982 2552 9345 2614 worden ſind, auf Allerhöchſten Befehl dennoch verſetzt werden ſollen.
8084 2609 8727 2652 Berlin, den 6. November 1843.
8862 2654 9269 2701 Kriegs⸗Miniſterium.
8922 2705 9220 2742 von Boyen.“
8069 2753 9368 2802 Der Oberſt und Chef des Generalſtabes des Garde⸗Corps,
7974 2801 9376 2852 von Stockhauſen, iſt zum Commandeur der 2ten Garde⸗Land⸗
7978 2850 9382 2902 wehr⸗Brigade, von Katte, Oberſt und Commandeur des Garde⸗
7979 2898 9374 2952 Dragoner⸗Regiments, zum Commandeur der 7ten Kavallerie⸗Brigade,
7976 2948 9376 2997 von Clauſewitz, Major vom 11ten Infanterie⸗Regiment, zum
7978 2997 9380 3043 Commandeur des 6ten komb. Reſerve⸗Bataillons ernannt; dem
7979 3041 9382 3094 Hauptmann a. D. Wilde, zuletzt in der 6ten Artillerie⸗Brigade,
7983 3097 8690 3140 der Charakter als Major bewilligt.
8074 3191 9386 3242 Bonn, 14. Nov. (Köln. Z.) In der vergangenen Woche
7987 3239 9387 3290 wurde der Prinz Georg von Preußen, Sohn des Prinzen Friedrich,
7992 3283 9395 3340 der in Düſſeldorf ſeinen Wohnſitz hat, durch Immatriculation in die
7994 3336 9390 3391 Zahl der hieſigen Studirenden, und zwar der juriſtiſchen Fakultät,
7991 3384 9385 3440 aufgenommen. Der junge Prinz hat ſich zum Behufe gründlicher
7987 3434 8952 3484 Vorſtudien ſchon einige Jahre hier aufgehalten.
8082 3529 9384 3576 Köln, 14. Nov. (Rh. u. M. Z.) Der Dombau, der an vielen
7981 3575 9380 3629 Punkten zugleich betrieben wird, iſt beſonders an der Südſeite mäch⸗
7981 3619 9378 3682 tig vorgeſchritten. Die Seitenſchiffe ſtehen bereits in Gräten und
7980 3671 9377 3728 Gurten, vier Gewölbe ſind bis jetzt ſchon geſchlagen worden. Der
7980 3719 9379 3774 letzte Pfeilerbund der Südſeite, hart am Querſchiffe, iſt jetzt auch
7980 3769 9378 3822 noch in Arbeit genommen, ſchon am Aufwachſen und ſoll noch in
7980 3817 9265 3867 dieſem Winter zur Höhe der übrigen Mauerwerke emporſteigen.
8086 3916 9382 3969 Königsberg, 15. Nov. (K. Z.) Geſtern haben Se. Kai⸗
7986 3950 9388 4024 ſerl. Hoheit der Großfürſt Michael und heute früh Ihre Kaiſerl. Ho⸗
7989 4015 9382 4065 heit die Großfürſtin Helene die Reiſe nach St. Petersburg über
7986 4068 8456 4115 Stallupönen fortgeſetzt.
8094 4113 9380 4169 Zur Feier des Geburtsfeſtes Ihrer Majeſtät der Königin beging
7994 4149 9382 4221 der hier beſtehende Verein zur Unterſtützung armer Schulkinder am
8002 4210 9382 4258 13ten d. M. die Feier ſeines 17jährigen Beſtehens in dem Saale
7997 4259 9382 4324 der deutſchen Reſſource vor einer zahlreichen Verſammlung. Der
7998 4308 9383 4363 Hofprediger Gerdien, welcher die Feſtrede hielt, ſprach darüber, was
7999 4357 9383 4410 die Schule von dem Hauſe zu wünſchen habe. In gehaltvollem
8001 4403 9383 4460 Vortrage entwickelte der Redner die Uebelſtände, die dem Gedeihen
8003 4454 9394 4507 des Schul⸗Unterrichts, oft in dem Verhalten der Aeltern und Pflege⸗
8004 4502 9393 4556 ältern der Schüler, hindernd entgegentreten. Von Seiten des Vor⸗
8005 4547 9386 4610 ſteher⸗Amts — in welchem Se. Excellenz der Kanzler des Königreichs
8007 4596 9385 4659 Preußen, Dr. von Wegnern, gegenwärtig den Vorſitz führt — wurde
8007 4642 9386 4705 eine Ueberſicht von der Wirkſamkeit des Vereins während des letzten
8008 4687 9386 4755 Verwaltungsjahres, vom 15. Oktober 1842 bis dahin 1843, gegeben.
8007 4746 9387 4800 Die Einnahme hat betragen 2026 Rthlr. 23 Sgr. 6 Pf., worunter
8010 4794 9393 4851 ſich ein anſehnliches Königliches Gnadengeſchenk befindet. Die Aus⸗
8009 4841 9390 4903 gabe 1153 Rthlr. 1 Sgr. 9 Pf. Es iſt alſo Beſtand 873 Rthlr.
8006 4879 9390 4957 21 Sgr. 9 Pf., auf welche Summe indeſſen ſeit dem 15. Oktober
8006 4942 9393 5007 d. J. bereits bedeutende Zahlungen zur Anſchaffung von Winter⸗Be⸗
8009 4991 9398 5050 kleidungen angewieſen ſind — bekleidet wurden nach Maßgabe des
8009 5040 9400 5097 Bedürfniſſes 367 Kinder (198 Knaben und 169 Mädchen), meiſtens
8006 5088 9403 5150 älternloſe oder doch vaterloſe. An ſchon erwachſene hülfsbedürftige
8004 5137 9410 5193 Schüler ſind Geſangbücher, ſo wie am Tage der Jahresfeier Schreibe⸗
8008 5186 9403 5239 bücher, vertheilt. Außerdem zahlt der Verein für einige Kinder bis
8002 5244 8491 5297 jetzt noch das Schulgeld.
8502 5405 8909 5459 Ausland.
8392 5495 9022 5555 Deutſche Bundesſtaaten.
8104 5572 9420 5625 Bayern. München, im November. (A. Z.) Auch in die⸗
8004 5625 9414 5677 ſem Jahre haben Se. Majeſtät der König an mehrere Individuen
8003 5671 9417 5727 namhafte Beiträge ertheilt, um ihnen den Eintritt in den dahier be⸗
8004 5722 9416 5777 ſtehenden Unterſtützungs⸗Verein für das Amts⸗ und Kanzlei⸗Perſonal
8005 5771 9417 5824 möglich zu machen. Dieſes ſchöne und wohlthätige Inſtitut erfreut
8006 5821 9416 5875 ſich des beſten Gedeihens und von Jahr zu Jahr wächſt die Anzahl
8008 5867 9414 5925 ſeiner Mitglieder. Der beſtehende Central⸗Verwaltungs⸗Ausſchuß
8008 5914 9413 5974 verdient für ſein uneigennütziges ſchönes Beſtreben und ſeine Thätig⸗
8010 5977 8579 6023 keit die vollſte Anerkennung.
8114 6047 9403 6128 München, 12. Nov. Die Sammlung für die armen Deut⸗
8008 6101 9402 6175 ſchen in Griechenland nimmt dahier und durch ganz Bayern einen ſo
8018 6149 9403 6220 erwünſchten Fortgang, daß ſie bald wird geſchloſſen werden können.
8019 6194 9401 6269 Eben in Folge der ſo reichlich fließenden Beiträge wurde der Wunſch
8020 6237 9401 6321 angeregt, aus den Fonds der Hülfs⸗Vereine auch den am Bettelſtabe
