9448 6520
2604 298 2799 375 1080
830 1341 2017 1399 einzuzahlen, wogegen die dem Betrage der Voll⸗
826 1398 2016 1458 zahlungen entſprechenden Actien ſtatutengemäß
826 1454 2015 1513 in Appoints von 200 Thlr. nebſt einem beſon⸗
828 1512 2013 1573 deren vierprozentigen Zins⸗Coupon ausgehän⸗
825 1568 1127 1624 digt werden.
884 1625 1597 1684 Breslau, den 5. Juni 1857.
1244 1685 1582 1730 Die Direction
974 1739 1860 1798 der Oppeln⸗Tarnowitzer Eiſenbahn.
817 2060 972 2118 [1286]
879 2114 1923 2207 Königsberger Privatbank.
874 2210 1995 2266 Die Herren Actionaire der Königsberger Pri⸗
814 2266 1996 2325 vatbank werden mit Bezug auf §. 6 des Sta⸗
814 2324 1995 2381 tuts hiermit aufgefordert, die vierte Einzahlung
813 2382 1996 2437 von 25 pCt. mit 125 Thlr. pro Actie am 15.,
814 2440 1996 2497 16. und 17. Juli d. J., Vormittags von
813 2496 1994 2552 9 bis 12 Uhr, im Geſchäfts⸗Lokale der Kö⸗
812 2554 1995 2609 nigsberger Privatbank, Kleine Domſtraße Nr.
812 2610 1993 2667 15b gegen Interimsquittung auf dem betreffen⸗
811 2663 1744 2729 den Actien⸗Quittungsbogen zu leiſten.
870 2725 1992 2782 Wir ſind auch bereit, ſchon von jetzt ab bis
807 2783 1994 2839 zum anberaumten Termine die 4te und letzte
809 2839 1994 2896 Einzahlung entgegen zu nehmen und dieſe mit
808 2894 1994 2953 4 pCt. bis zum 15. Juli c. zu verzinſen. Die
807 2953 1993 3009 Herren Actionaire, welche die vierte Einzahlung
807 3009 1994 3065 leiſten, machen wir noch beſonders darauf auf⸗
809 3064 1998 3121 merkſam, daß Blanko⸗Ceſſionen auf den Quit⸗
817 3121 2000 3177 tungsbogen vorher ausgefüllt ſein müſſen, da
810 3177 2001 3234 die Aushändigung der Actien nur gegen die
807 3234 2000 3291 mit vollſtändig ausgefüllter Ceſſion verſehenen
808 3290 1571 3346 Quittungsbogen erfolgen kann.
867 3348 1998 3405 Der Austauſch der Interimsquittungen gegen
809 3404 1998 3458 die Actien⸗Dokumente ſoll Sonnabend, den
808 3459 1434 3519 25. Juli c., ſtattfinden.
867 3519 1647 3576 Königsberg, den 5. Juni 1857.
1125 3577 1668 3630 Der Verwaltungsrath
1283 3633 1517 3685 Schnell.
793 3925 953 3982 [1292]
845 3974 1968 4085 Bergbau⸗Actien⸗Geſellſchaft
1207 4067 1577 4171 „Pluto.“
851 4177 1981 4223 Auf Grund unſerer am 11. Mai c. landes⸗
798 4229 1982 4290 herrlich genehmigten Statuten erſuchen wir die
802 4285 1750 4347 Herren Actionaire unſerer Geſellſchaft,
796 4341 1980 4406 die zweite Rate ad 10 pCt. oder 50 Thlr.
1257 4406 1513 4461 pr. Actie
1101 4458 1669 4520 bis zum 10. Juli c.
798 4510 864 4556 bei
852 4567 1977 4630 Herren Jul. Bleichröder et Comp. in
1059 4628 1214 4673 Berlin
873 4680 1976 4752 „ Zuckſchwerdt et Beuchel in Mag⸗
1056 4742 1224 4799 deburg,
891 4798 1975 4862 „ N. S. Nathalion in Braunſchweig,
896 4856 1974 4920 „ J. Coppel et Söhne in Hannover,
907 4912 1976 4977 „ Sal. Oppenheim jun. et Comp.
1060 4965 1387 5022 in Cöln, oder
872 5012 1720 5086 unſerer Geſellſchafts⸗Kaſſe hierſelbſt
814 5067 1089 5129 einzuzahlen.
871 5123 1474 5191 Eſſen, den 2. Juni 1857.
1114 5188 1663 5255 Der Verwaltungsrath.
807 5477 961 5534 [1156]
1028 5475 1816 5556 Druckfehler⸗Berichtigung.
851 5536 1970 5603 In der Bekanntmachung der General⸗Direc⸗
801 5591 1970 5669 tion des landſchaftlichen Creditvereins im König⸗
797 5648 1972 5716 reich Polen, betreffend abhänden gekommene
787 5699 1532 5767 Pfandbriefe und Coupons, iſt
786 5757 1974 5831 ſtatt Pfandbrief Nr. 91,962 zu leſen Nr. 121,962.
2131 404 2285 463 [1293]
2811 402 3912 498 Niederſchleſiſche Zweigbahn.
2124 947 2278 1006 [1288]
3006 948 3696 1016 Monats⸗Ueberſicht
2856 999 3841 1085 der Weimariſchen Bank.
2851 2185 3816 2244 Die Direction der Weimariſchen Bank.
2924 2239 3740 2299 Polte. Behlendorff.
2802 2366 3878 2429 (Estratto dal Monitore Toscano No. 123.)
2095 2431 2264 2504 [1296]
2975 2427 3675 2507 SOCIETA ANONIMA
3232 2511 3457 2570 DELLA
2088 2566 4564 2678 STRADA FERRATA LEOPOLDA
2222 2693 4570 2761 II Consiglio Dirigente nella sua seduta di questo giorno ha presa la seguente Deliberazione:
2218 2752 4567 2815 Veduta la Dimostrazione degli Introitie delle Spese della Società dal 1.o Novembre 1856
2098 2809 4567 2875 a tutto il di 30 Aprile p.o p.o dalla quale resulta che i primi ascendono nella loro totalità a
2099 2867 4569 2931 L. 1,266,019 15 8 e le seconde a L. 505,546 7 4, per lo che gli utili netti si verificano in L.
2098 2922 2420 2975 760,473 8 4.
2218 2979 2525 3033 II Consiglio,
2222 3035 4568 3103 Considerando che dalla Somma degli utili netti del decorso Semestre Sociale deve detrarsi
2105 3087 4567 3161 la ritenzione a ragione di 1 ½ per % sugli introiti lordi per fondo di riserva, in ordine alla 2. a
2104 3148 4563 3211 Proposizione approvata dall' Adunanza generale del 7 Novembre 1855, e così la Somma di L.
2107 3202 2427 3254 18,154 11 4.
2230 3260 4569 3328 Considerando che attesa l'antedetta detrazione la Somma da distribuirsi fra gli Azionisti pel
2105 3318 4565 3382 decorso Semestre si riduce a. L. 742,318 17 —, delle quali L. 58,850 dovendo distribuirsi ai
2103 3370 4563 3446 possessori delle 2,354 Azioni della 2. a Serie, restano Lire 683,468 17 — pe'possessori delle
2102 3430 2791 3484 30,000 Azioni di 1 a Serie.
2196 3488 4565 3559 Sulla proposizione del Direttore e dell' Assessore Provveditore a voti uanimi delibera do-
2102 3545 4563 3609 versi, principiando dal 1.o Luglio prossimo, distribuire fra i Possessori delle Azioni di 2a. Serie
2099 3602 4561 3667 le Sudette L. 58,850 a ragione di L. 25 per Azione e fra i Possessori delle Azioni di 1a. Serie
2099 3660 3739 3718 la Somma di L 682,500 a ragione di L. 22 15 — per Azione.
2213 3713 4556 3781 Deliberra inoltre che l'avanzo di L. 968 17 — sia portato a Entrata del corrente Semestre.
2206 3761 4569 3844 II Sottoscritto mentre si fà un dovere di portare ad immediata notizia de'Sigg. Azionisti le
2089 3831 4558 3897 soprascritte Deliberazioni del Consiglio Dirigente, ha altresì l'onore di prevenirli che la Direzione
2090 3884 4557 3960 dal 5 al 30 Giugno prossimo riceverà i Cuponi per la verificazione ne'giorni di Lunedì, Mer-
2090 3946 4568 4011 coledì e Venerdì purchè non festivi, in ordine ed ai termini della Deliberazione del Con-
2086 4003 4552 4068 siglio medesimo del 29. Novembre 1854 pubblicata nel Monitore Toscano No. 278 del
2088 4059 2503 4103 medesimo Anno.
2211 4117 3017 4176 Firenze, il di 28. Maggio 1857.
3383 4171 4219 4234 II Direttore degli Affari Sociali.
3310 4226 4310 4321 Ubaldino Peruzzi.
2788 4352 3849 4414 (Estratto dal Monitore Toscano No. 124.)
2963 4414 3665 4499 SOCIETA ANONIMA
3210 4502 3419 4553 DELLA
2078 4545 4570 4667 STRADA FERRATA LEOPOLDA
3086 4732 3560 4808 AVVISO
2199 4828 4428 4888 per vendita a concorso di No. 250 Azioni garantite dette di 2.a Serie
2959 4885 3691 4935 della Società suddetta.
2199 4993 4548 5056 II Consiglio Dirigente, valendosi della facoltà concedutagli dalla Deliberzzione dell' dunanza
2082 5051 4548 5113 generale del 24 Settembre 1856, ha deliberato di procedere alla vendita di 250 Azioni di 2 a
2080 5106 4549 5184 Serie da emettersi a forma delle deliberazioni delle Adunanze generali del 19 Novembre 1851,
2080 5165 4549 5226 28 Settembre 1854, e per le quali il godimento degli utili comincerà ad aver decorrenza dal
2083 5220 2521 5275 1.o Maggio 1857.
2203 5278 4549 5347 La vendita di che sopra sarà fatta per mezzo d' incan o con offerte segrete, alle seguenti
2085 5335 2352 5378 condizioni:
2192 5388 4553 5465 1) In ogni offerta dovrà essere espresso il numero delle Azioni e il prezzo di ciascuna
2082 5448 3850 5501 Azione in moneta toscana, scritti sì l'uno che l'altro in tutte lettere.
2194 5508 4548 5574 2) Le offerte, sottoscritte di mano dell'offerente, dovranno esser fatte pervenire suggellate
2078 5564 4547 5630 al Direttore degli Affari Sociali della Strada Ferrata Leopolda a Firenze
2079 5621 4545 5690 dentro il giorno 26 Giugno 1857, colla seguente dichiarazione sulla sopraccarta:, Offerta per
2078 5673 4391 5751 acquisto di No...... Azioni di 2 a Serie della Strada Ferrata Leopolda.“
2192 5733 4551 5805 3) Le offerte dovranno essere accompagnate da un attestato dell'Assessor Cassiere della
2082 5787 4553 5863 Società, o di uno degli Agenti della Società stessa sia in Livorno sia all'Estero, constatante l'
6855 297 7047 370 1081
5172 851 7512 916 Le lettere contenenti le offerte e gli attestati suddetti dovranno pervenire franche di spesa
5057 919 5475 964 al loro indirizzo.
5177 962 7532 1031 Nell' atto di eseguire il deposito di che sopra sarà rilasciato dall' Ass. Cassiere o respetti-
5055 1023 7510 1089 vamente da quell'Agente della Società presso il quale verrà eseguito, oltre all' attestato o
5050 1080 7511 1145 fede di deposito da inviarsi al Direttore insieme all' offerta, una ricevuta o riscontro della
5051 1136 7513 1204 somma effettivamente depositata, nella quale verranno specificatamente descritti i valori de'quali
5054 1207 5785 1262 la stessa somma è composta.
5174 1247 7518 1312 Nell' uno e nell' altro de' detti documenti si conterrà la menzione della presente Delibe-
5050 1307 7514 1371 razione del Consiglio. Mentre l'attestato o fede di deposito trasmesso al Direttore unitamente
5053 1364 7512 1427 all' offerta dovrà restare in ogni caso ad essa unito come allegato del Processo Verbale dell'
5055 1422 7514 1484 Adunanza del Consiglio di che all' articolo seguento, la Ricevuta sarà ritenuta dall' offerente
5056 1482 6256 1550 per valersene all' effetto di ritirare il deposito.
5169 1536 6985 1591 Gli Agenti presso i quali po rà esser fatto il deposito sono i seguenti:
5176 741 7512 801 I titoli suddetti saranno valutati all'effetto d. questo deposito al 75 per 100 del loro valore
5054 807 5291 850 nominale.
5182 514 7527 576 Il suddetto deposito potrà farsi o separatamente, o promismecuante, tanto in effettivo con-
5070 570 7517 633 tante, quanto in Cartelle d'Azioni della Società, sia di 1.a Serie, sia di 2. a, con i rispettivi
5066 628 7513 697 Cuponi cominciando da quello destinato all' esazione del dividendo pel semestre cadente a 1.o
5064 685 7485 745 Novembre 1855, e in Obligazioni dell' Imprestito della Società stessa del 30 Novembre 1849.
5061 401 7514 462 eseguito deposito per parte dell' offerente d' una somma, per titolo di cauzione, equivalente a
5062 461 6715 520 L. 100 toscane per ogni Azione per la quale vien fatta l'offerta.
5341 1590 6709 1645 Livorno Sigg. Rodocanacchi figli e C.
5341 1650 6600 1701 Milano » Noseda e Burocco.
5341 1706 6567 1757 Venezia » D. Aronne Lattis.
5344 1765 6498 1823 Trieste » Filippo Kohen.
5341 1821 6526 1879 Vienna » Giuseppe Ranzi.
5345 1875 6647 1932 Dresda » H. G. Bassenge e C.
5344 1933 6620 1998 Lipsia » Dufour Frères e C.
5347 1992 6567 2044 Berlino » Mendelssohn e C.
5339 2045 7220 2112 Francoforte s/m » Amministratori della Banca del Commercio
6214 2106 6987 2153 e dell' Industria di Darmstadt.
5344 2164 6604 2225 Augusta » Giorgio Miltenberg.
5348 2219 6653 2273 Ginevra » Lombard Odier e C.
5341 2274 6692 2338 Parigi » Adolfo Marcuard e C.
5340 2334 6604 2387 Londra » Federigo Joly e C.
5172 2388 7513 2456 4. Il Consiglio Dirigente si radunerà nel solito locale di sua residenza in Firenze nel dì
5055 2443 7511 2514 27 Giugno 1857 alla presenza di pubblico Notaro incaricato della compilazione di un processo
5057 2514 6183 2572 verbale di quanto sarà fatto nell' Adunanza.
5173 2556 7507 2629 Prima di procedere all' appertura de' pieghi contenenti le fferte, il Consiglio stesso
5057 2614 7509 2686 stabilirà il prezzo minimo sotto il quale le offerte non saranno ricevute. Procedendo quindi
5058 2672 7506 2745 all' apertura de' pieghi suddet i se le offerte in essi contenute non raggiungeranno il prezzo
5058 2730 7508 2801 minimo come sopra stabilito, l' aggiudicazione non avrà luogo, dovendosi in tal caso provvedere
5061 2803 5859 2847 altrimenti la somma occorrente.
5175 2842 7509 2911 Se le offerte raggiungeranno o sorpasseranno il prezzo stabilito e copriranno il numero
5058 2898 7513 2965 delle 250 Azioni da vendere, l'aggiudicazione avrà luogo. Se poi le offerte raggiungeranno o
5056 2953 7519 3032 sorpasseranno il prezzo minimo stabilito, ma non copriranno l'intero numero delle 250 Azioni,
5057 3011 7520 3085 il consiglio si riserba di stabilire nell' Adunanza stessa se l'aggiudicazione debba o no farsi per
5057 3066 7518 3137 un numero di Azioni minore di 250, procurando altrimenti il restante della somma da realizzare.
5178 3123 7525 3194 5. Se il numero complessivo delle Azioni per le quali saranno fatte le offerte supererà
5064 3180 7523 3260 quello delle Azioni da vendersi, il Consiglio repartirà fra gli offerenti le Azioni stesse secondo
5059 3238 7523 3315 reputerà più conveniente, senza che per cagione di un tal reparto possano gli offerenti recedere
5064 3305 6536 3368 dalle loro offerte, o pretendere cosa alcuna dalla Società.
5176 3351 7538 3427 6. Dopo l' aggiudicazione verranno restituite le somme e i titoli depositati da quegli offe-
5056 3424 6341 3486 renti de' quali non sono state accettate le offerte.
5180 3466 7528 3542 In quanto a coloro le offerte de'quali saranno state accettate il deposito in contanti ed i
5057 3527 7205 3595 titoli saranno restituiti soltanto dopo compiuto il total ritiro delle Azioni comprate.
5176 3581 7527 3655 7) Il resultato del concorso sarà portato a cognizione del pubblico con avviso da inserirsi
5061 3656 5768 3701 nel Monitore Toscano.
5181 3695 7526 3760 Ta'e avviso dovrà considerarsi a tutti gli effetti come legale intimazione agli offerenti di
5064 3753 7536 3824 ritirare le Azioni aggiudicate e di eseguire il pagamento nel tempo stabilito dall' articolo se-
5059 3812 7522 3886 guente senza che possano pretendere purgazione di mora, come anche dovrà avere lo stesso
5058 3870 7523 3941 valore di intimazione legale per gli offerenti le di cui offerte non fossero accettate, ad oggetto
5057 3925 7534 4001 di poter ritirare le somme o i titoli depositati per cauzione di che nella prima parte dell'arti-
5058 4004 5236 4045 colo 6.
5181 4040 7526 4113 A maggior comodo degli interessa i sarà trasmessa copia dell'Avviso suddetto a corso di
5059 4107 6499 4174 posta agli Agenti presso i quali ebbero luogo i depositi.
5181 4157 7529 4228 8) Gli aggiudicatarj dovranno ritirare le Azi ni a ciascuno di loro aggiudicate pagandone
5063 4211 7526 4287 il prezzo, libero da ogni defalco e spesa, alla Cassa Sociale in Firenze ne'tempi e nelle quantità
5063 4288 5676 4346 quì sotto indicate, cioè:
5356 4329 6950 4388 Una metà almeno delle ridette Azioni dentro il 6 luglio 1857.
5351 4397 6276 4458 Un quarto dentro il 31 luglio 1857.
5353 4451 6296 4513 Un quarto dentro il 17 agosto 1857.
5188 4490 7519 4568 9) I termini sopra stabiliti sono di rigore e fatali e s' intende che con l' atto stesso della
5068 4550 7518 4622 offerta gli offerenti abbiano renunziato a qualunque diritto di purgazione di mora che potesse
5067 4630 5470 4683 loro competere.
5187 4660 7514 4735 Conseguentemente se dentro qualunque dei termini sopra indicati non avranno eseguito il
5054 4718 7516 4805 pagamento e ritiro delle Azioni secondo è stabilito all'art. precedente, perderanno ogni diritto
5070 4779 7539 4848 alla restituzione delle somme o titoli depositati nell'atto della presentazione dell'offerta per cau-
5059 4836 7172 4909 zione della medesima, quali cederanno irremissibilmente a vantaggio della Società.
5184 4890 7515 4966 10) Tutti coloro che si faranno offerenti per l'aggiudicazione delle Cartelle d'Azioni di che
5066 4947 7431 5027 nella presente Deliberazione s'intenderà essersi obbligati a forma delle cose in essa stabilite.
5183 5025 5839 5080 Firenze, 28 maggio 1857.
6416 5050 7244 5124 Il Direttore degli Affari Sociali
6301 5112 7346 5204 Ubaldino Peruzzi.
7616 416 7752 477 [696]
7620 490 8816 592 Sieg⸗Rheiniſcher Bergwerks⸗
7682 589 8749 685 und Hütten⸗Actien⸗Verein.
7709 681 8721 786 Sechste Einzahlung von
7920 778 8505 878 Zehn Prozent.
7682 897 8807 958 Mit Bezug auf §. 7 des Statuts werden die
7622 952 8806 1016 Actionaire unſeres Vereins hierdurch auf⸗
7615 1008 7844 1065 gefordert,
7619 1065 8801 1129 die ſechste Einzahlung von zehn Prozent
7619 1122 8798 1183 oder zwanzig Thalern pr. Actie bis
7918 1184 8487 1241 zum 15. Juni 1857
7618 1233 8588 1298 nach ihrer Wahl bei den Bankhäuſern:
7743 1291 8551 1353 A. Schaaffhauſenſcher Bank⸗
7784 1352 7957 1401 verein
8643 1355 8728 1398 in
7745 1398 8439 1466 A. C. L. Camphauſen,
8627 1406 8767 1464 Köln,
7737 1458 8499 1519 J. D. von Recklinghauſen
7733 1516 8491 1578 S. Bleichröder in Berlin,
7735 1569 8338 1628 Heymann u. Jüdel
7742 1621 8341 1687 Pfeiffer u. Schmidt
8385 1597 8802 1664 in Braunſchweig,
7740 1686 8688 1745 L. A. Hahn in Frankfurt a. M. und
7739 1744 8675 1802 H. Oyens u. Söhne in Amſterdam
7625 1801 8803 1860 unter Vorlegung der in ihren Händen befind⸗
7622 1856 8529 1918 lichen Interimsquittungen zu leiſten.
7681 1914 8409 1973 Köln, den 4 Dezember 1856.
7931 1976 8484 2032 Der Verwaltungsrath.
7622 2387 7771 2441 [1291]
7771 2449 8654 2547 Generalverſammlung
7616 2543 8814 2647 der Lübeck⸗Büchener Eiſen⸗
7842 2641 8578 2751 bahn⸗Geſellſchaft.
7678 2768 8794 2830 In Gemäßheit der §§. 26 und 28 des Sta⸗
7619 2827 8795 2890 tuts werden die Actionaire der Lübeck⸗Büchener
7622 2880 8798 2947 Eiſenbahn⸗Geſellſchaft zu der ſiebenten regel⸗
7620 2938 7814 2992 mäßigen
7658 2994 8771 3055 am Montag, den 6. Juli d. J., Nach⸗
7993 3049 8436 3106 mittags 3 Uhr,
7629 3106 8808 3174 zu Lübeck, im Lokale der Geſellſchaft zur Be⸗
7629 3164 8807 3227 förderung gemeinnütziger Thätigkeit (Breiteſtraße
7634 3219 8805 3283 Nr. 786) abzuhaltenden Generalverſamm⸗
7631 3277 8281 3334 lung hiedurch eingeladen.
7688 3331 8805 3396 Zur Prüfung der Legitimationen der ſtimm⸗
7634 3387 8805 3453 berechtigten Actien⸗Inhaber und zur Aushän⸗
7632 3448 8804 3505 digung der Eintrittskarten werden Com⸗
7629 3507 8246 3562 mittirte des Ausſchuſſes
7822 3565 8618 3626 am Montag, den 6. Juli d. J.,
7632 3621 8804 3683 Vormittags von 11 bis 1 Uhr, im vorgenann⸗
7631 3678 8327 3735 ten Lokale gegenwärtig ſein.
7691 3735 8806 3797 Die Legitimation geſchieht durch Einreichung
7632 3791 8806 3854 einer ſchriftlichen Erklärung über die eigenen
7632 3850 8806 3908 Actien und über die Actien, für welche ein
7633 3907 8805 3965 Actionair vom andern bevollmächtigt, unter
7633 3963 8805 4024 Vorzeigung derſelben (§. 29 des Statuts).
7663 4015 8805 4082 Zur Verhandlung ſtehen folgende Gegen⸗
7619 4074 7795 4135 ſtände:
7673 4134 8805 4193 1) Jahresbericht des Ausſchuſſes und der
7751 4191 7987 4243 Direction,
7669 4246 8655 4306 2) Rechnungsabſchluß vom Jahre 1856.
7689 4302 8336 4359 Lübeck, den 5. Juni 1857.
8039 4359 8451 4412 Der Ausſchuß
7694 4414 8735 4472 der Lübeck⸗Büchener Eiſenbahn⸗Geſellſchaft.
6487 5287 7401 5356 Bekanntmachung.
5235 5336 8620 5418 über das Erſcheinen der ſtenographiſchen Berichte des Herrenhauſes und des Hauſes der Abgeordneten.
6228 5422 7650 5497 Bis heute den 6. Juni 1857 ſind ausgegeben:
5462 5486 7360 5565 60 ½ Bogen der 1 — 37 und Schluß⸗Sitzung des Herrenhauſes,
5465 5535 7467 5620 34 ⸗ Anlagen, beſteh. aus Aktenſtücken des Herrenhauſes,
5447 5591 7706 5675 137 ¾ ⸗ der 1 — 62 und Schluß⸗Sitzung des Hauſes der Abgeordneten,
5455 5625 7813 5731 83 ⸗ Anlagen, beſteh. aus Aktenſtücken des Hauſes der Abgeordneten,
5495 5716 7133 5793 4 ½ ⸗ Petitionen des Hauſes der Abgeordneten,
5518 5758 7381 5848 1 ½ ⸗ Regiſter zu den Verhandlungen des Herrenhauſes,
7862 5621 8452 5681 zuſammen 321 ¼ Bogen.
935 406 1527 464 auf jeden Aner⸗
989 462 1518 514 kenntniß⸗Schein a
991 515 1430 570 1000 Thlr. mit
929 578 1516 629 abzüglich von 4 Prozent
986 634 1516 690 Zinſen für die erſten
981 689 1522 747 fünf Einzahlungen auf
981 746 1386 803 3 ½ Monate von
1600 744 1978 798 7 „ „ —
1219 814 2017 866 demnach mit 393 Thlr. — Sgr.
920 873 1520 923 auf jeden Actien⸗
979 928 1518 978 Quittungsbogen a
979 985 1364 1035 200 Thlr. mit
912 1041 1516 1097 abzüglich von 4 Prozent
976 1099 1512 1158 Zinſen für die erſten
973 1159 1512 1210 fünf Einzahlungen auf
962 1212 1386 1270 3 ½ Monate von
1557 515 2028 573 400 Thlr. — Sgr.
1578 985 1998 1037 80 „ — „
1602 1210 1987 1270 1 „ 12 „
1224 1281 2013 1334 demnach mit 78 Thlr. 18 Sgr.
2131 500 3824 556 Einnahme im Mai d. J. für 7945 Perſonen und 117,468 Ctr. Güter
3141 559 3703 610 (exkl. Extraordinarien)
2238 618 3439 671 „ „ „ b. J. (nach erfolgter Feſtſtellung)
3132 683 3687 738 in dieſem Jahre mehr
2128 739 3167 791 Die Mehr⸗Einnahme bis ult. April d. J.
2295 815 3100 870 „ “ „ „ Mai „
3890 560 4588 612 12,137 Thlr. — Sgr. 4 Pf.
3880 615 4557 675 11,613 „ 7 „ 10 „
3951 686 4581 741 523 Thlr. 22 Sgr. 6 Pf.
3905 744 4589 804 6,111 Thlr. 26 Sgr. 3 Pf.
3897 813 4588 871 6,635 Thlr. 18 Sgr. 9 Pf.
3176 1098 3521 1151 Aktiva:
2186 1151 2840 1218 1) Baarer Kaſſen⸗Beſtand
2189 1213 2689 1270 2) Wechſel⸗Beſtände
2188 1269 3048 1327 3) Ausſtehende Lombard⸗Darlehne
2184 1328 2645 1384 4) Staats⸗Papiere
2185 1382 3861 1444 5) Guthaben in laufender Rechnung und verſchiedene Forderungen
2274 1441 2942 1488 do. bei der Landrentenbank
2182 1496 2941 1556 6) Banknoten⸗Einlöſungsfonds
2356 1556 2750 1612 Geprägtes Geld
2350 1612 2639 1670 in Wechſeln
2342 1665 2623 1724 in Effekten
3558 1554 3930 1611 Thlr. 1,200,433
3595 1613 3926 1672 „ 2,000,096
3591 1663 3924 1721 „ 301,682
2168 1844 2946 1905 7) Eingezahltes Actien⸗Kapital
2167 1901 2810 1961 8) Banknoten im Umlauf
2162 1953 2670 2009 9) Darlehns⸗Conto
2138 2012 3356 2070 10) Actien⸗Dividende⸗Conto pro 1855 und 1856
4205 1160 4582 1217 Thlr. 499,030
4223 1212 4588 1275 „ 1,288,529
4224 1275 4586 1330 „ 943,260
4228 1332 4582 1385 „ 259,792
4233 1388 4581 1442 „ 3,356,316
4229 1445 4575 1499 „ 107,321
4252 1735 4582 1802 „ 3,502,211
3151 1794 3526 1850 Paſſiva:
2139 2070 3563 2133 11) Guthaben der Staatskaſſen, Privat⸗Perſonen u. ſ. w
4250 1845 4583 1913 „ 5,000,000
4251 1909 4581 1966 „ 3,500,000
4251 1962 4583 2026 „ 578,190
4250 2025 4579 2083 „ 12,346
4247 2077 4579 2143 „ 735,466
2283 2128 3013 2180 Weimar, den 31. Mai 1857.
