10728 7472
3278 1170 3432 1253 300
1402 1265 1537 1329 [178]
1934 1272 2764 1340 Bekanntmachung.
1514 1327 3297 1401 Bei der heute bewirkten Auslooſung von 900 Thlr. und 2200 Thlr.
1387 1386 3297 1463 Kreisobligationen des Züllichau⸗Schwibuſer Kreiſes ſind folgende
1386 1445 2147 1507 Nummern gezogen worden:
1457 1505 3296 1582 1) Von der erſten Ausgabe nach dem Privilegium vom 20. Sep⸗
1550 1566 1875 1615 tember 1858
1631 1623 2516 1684 Litt. A. über 500 Thlr. Nr. 17.
1694 1685 2957 1746 » B. über 100 Thlr. Nr. 116. 140. 265. 311.
1451 1741 3290 1817 2) Von der dritten Emiſſion nach dem Privilegium vom
1540 1801 1926 1862 5. März 1866
1629 1860 2504 1923 Litt. A. über 500 Thlr. Nr. 27
1689 1921 2958 1981 » B. über 200 Thlr. Nr. 100. 129. 192. 197
1693 1980 3289 2046 » C. über 100 Thlr. Nr. 558. 663. 838. 917. 1001. 1195.
2428 2048 2730 2099 1237. 1277.
1687 2099 2565 2159 » D. über 50 Thlr. Nr. 1499.
1688 2158 2742 2219 » E. über 25 Thlr. Nr. 1626. 1870.
1508 2212 3283 2287 Dieſe Obligationen werden hierdurch den Inhabern mit der
1381 2271 3283 2347 Aufforderung gekündigt, die Kapitalbeträge am 1. Juli 1871 bei der
1382 2332 3282 2408 Kreis⸗Kommunalkaſſe zu Züllichau, ſowie bei dem Bankgeſchäft von
1383 2390 3285 2470 S Kauffmann et Comp. in Berlin und bei dem Bankgeſchäft von
1378 2449 3279 2526 L. Mende zu Frankfurt a. O. gegen Rückgabe der Obligationen im
1377 2506 3283 2589 coursfähigen Zuſtande in Empfang zu nehmen. Da die Verzinſung
1378 2566 3277 2646 derſelben vom 1. Juli ab aufhört, ſo ſind mit den Obligationen nach
1377 2626 3280 2703 dem Privilegium vom 5. März 1866 die Zinscoupons Serie I.
1374 2685 3281 2767 Nr. 9 und 10 nebſt Talons, mit den Obligationen nach dem Pri⸗
1372 2744 3275 2826 vilegium vom 20. September 1858 aber die Coupons ſeit 1. April
1375 2803 2271 2873 1871 nebſt Talons zurückzugeben.
1491 2863 3271 2944 Für etwa fehlende, unentgeltlich mit abzuführende Coupons aus
1368 2921 3272 3004 der Emiſſion vom 5. März 1866 werden die Zinsbeträge vom Kapital
1367 2982 1774 3040 gekürzt werden.
1490 3042 3269 3122 Für die Obligationen aus dem Privilegium vom 20. September
1367 3099 3266 3182 1858, deren Zinſen am 1. April und 1. Oktober gezahlt werden, wird
1362 3159 3264 3241 der Zinsbetrag vom 1 April bis 1. Juli bei Auszahlung des Kapitals
1358 3217 2295 3286 in baarem Gelde vergütet werden.
1483 3279 3265 3357 Von den nach meiner Bekanntmachung vom 15. Januar 1870
1356 3336 3262 3419 ausgelooſten Kreisobligationen ſind noch nicht zur Rückzahlung prä⸗
1349 3394 1546 3458 ſentirt:
1424 3456 2861 3524 1) Aus dem Privilegium vom 20. September 1858
1600 3517 2698 3582 Litt. B. Nr. 272 u. 283 über 100 Thlr.
1418 3573 2679 3648 2) Aus dem Privilegium vom 5. März 1866
1598 3634 2490 3700 Litt. D. Nr. 1326 über 50 Thlr.
1662 3694 2494 3764 » E. Nr. 1541 über 25 Thlr.
1475 3752 2367 3819 Züllichau, den 17. Januar 1871.
1961 3818 2647 3883 Der Königliche Landrath.
1353 3896 1485 3963 [180]
1521 3957 3080 4030 Ausgelooſte Schlochauer Kreis⸗Obligationen.
1469 4017 3253 4089 Bei der in Gemäßheit des Allerhöchſten Privilegii vom 11. Ok⸗
1333 4066 3253 4149 tober 1859, Geſetz⸗Sammlung Seite 556, heute bewirkten elften Ver⸗
1342 4134 3251 4212 looſung von Kreis⸗Obligationen des Schlochauer Kreiſes ſind folgende
1341 4192 2098 4258 Nummern gezogen worden:
3449 1289 4557 1354 Litt. A. à 1000 Thlr. 1 Stück Nr. 10.
3448 1348 5281 1442 Litt. C. à 100 Thlr. 9 Stück Nr. 60. 113. 114. 116. 144. 168.
4457 1423 4866 1477 189. 217. 246.
3444 1466 4756 1536 Litt. D. à 50 Thlr. 3 Stück Nr. 48. 55. 77.
3505 1526 5282 1606 Dieſe Obligationen werden den Beſitzern hierdurch zum 1. Juli
3383 1585 5278 1668 d. J. gekündigt mit der Aufforderung, die Kapitalbeträge nebſt den
3384 1642 5280 1727 fälligen Zinſen von dieſem Tage ab bei der hieſigen Kreis⸗Kommunal⸗
3377 1704 5275 1792 kaſſe oder bei dem Bankier Herrn Oehlmann und Comp. zu
3375 1764 5274 1848 Königsberg i. Pr. gegen Quittung und Rückgabe der Schuldver⸗
3376 1824 5269 1908 ſchreibungen nebſt den noch fälligen Coupons in Empfang zu nehmen.
3502 1882 5102 1964 Vom 1. Juli ab findet eine weitere Verzinſung nicht ſtatt.
3500 1943 4390 2009 Schlochau, den 10 Januar 1871.
3373 2001 5265 2089 Der Vorſitzende der Kreis⸗Chauſſeebau⸗Kommiſſion und Landrath.
3372 2089 3505 2149 [186]
3905 2091 4734 2163 Bekanntmachung.
3511 2149 5146 2224 Aufkündigung von Kreis⸗Obligationen des Kreiſes Kroeben.
3499 2207 5268 2295 Bei der am 12. d. Mts. ſtattgefundenen Auslooſung (der 3ten)
3374 2267 5268 2355 ſind nachſtehend bezeichnete Kreis⸗Obligationen des Kreiſes Kroeben
3369 2329 4199 2394 ausgelooſt worden, und zwar:
3608 2387 4469 2459 Litt. B. Nr. 1. 16 à 500 Thlr.
3605 2448 4360 2511 Lit. C. Nr. 6 à 200 Thlr.
3604 2507 4685 2577 Litt. D. Nr. 4. 11. 30. 35 à 100 Thlr.
3605 2566 4684 2641 Litt. E. Nr. 43. 48. 60. 69 à 50 Thlr.
3491 2623 5259 2706 Die Inhaber dieſer Obligationen werden aufgefordert, dieſelben
3361 2681 5256 2768 im coursfähigen Zuſtande nebſt dazu gehörigen Coupons den 1. Juli
3364 2742 5257 2826 1871 auf der Kreis⸗Kommunalkaſſe in Rawicz gegen Empfangnahme
3361 2803 5261 2892 der Baarzahlung des Nennwerthes zurückzuliefern. — Vom 1. Juli
3362 2861 5176 2945 1871 ab findet eine Verzinſung qu. Obligationen nicht mehr ſtatt.
3483 2922 4326 2988 Rawicz, den 17. Januar 1871.
3562 2982 5055 3062 Die Kreisſtändiſche Chauſſee⸗Verwaltungs⸗Kommiſſion.
4118 3050 4503 3112 Der Landrath.
4074 3111 4505 3170 gez. Schopis.
3351 3213 3486 3275 [179]
3474 3271 5248 3357 Die am 20. September v. Js. ausgelooſten Wreſchener Kreis⸗
3348 3333 3697 3392 Obligationen
3588 3393 4457 3458 Lit. A. über 500 Thlr. Nr. 54.
3587 3453 4871 3524 Lit. B. über 100 Thlr. Nr. 100. 170 und 172.
3587 3512 5243 3589 Lit. C. über 50 Thlr. Nr. 13. 90. 94. 102. 147. 157 und 197
3346 3568 5241 3657 ſind in coursfähigem Zuſtande mit den Coupons vom 1. April cr. ab
3349 3631 4852 3708 gegen Baarzahlung des Nennwerths zurückzuliefern bei
3584 3691 4645 3769 der Kreis⸗Kommunalkaſſe in Wreſchen,
3583 3751 4877 3836 dem Handlungshauſe H. C. Plaut in Leipzig,
3582 3810 4796 3890 der Wechſelhandlung R. Seegal in Poſen.
3467 3865 5088 3951 An Einlöſung der früher bereits ausgelooſten Obligationen
3579 3927 4440 3990 Lit. A. über 500 Thlr. Nr. 20.
3578 3985 4462 4051 Lit. B. über 100 Thlr. Nr. 168.
3580 4045 4762 4113 Lit. C. über 50 Thlr. Nr. 2. 47 und 168
3337 4099 3995 4161 wird gleichfalls erinnert.
3461 4161 4308 4229 Wreſchen, den 5. Januar 1871.
3999 4230 4566 4291 Königlicher Landrath.
2705 4288 3876 4373 Verſchiedene Bekanntmachungen.
2740 4358 3839 4437 Zweiter Rechnungs⸗Abſchluß
2468 4417 4113 4496 der Norddeutſchen Hagel⸗Verſicherungs⸗Geſellſchaft pro 1870.
1338 4345 1472 4406 [173]
2609 5028 3918 5110 Vertheilung des Ueberſchuſſes.
1308 5503 5061 5632 auf deren Vertheilung dieſelbe, unter Ueberweiſung der qu. Summe an den Sicherheits⸗ (Reſerve⸗) Fonds der Geſellſchaft, verzichtet hat.
2624 6077 3847 6160 Norddeutſche Hagel⸗Verſicherungs⸗Geſellſchaft.
2942 6143 3552 6205 G. Helbig, Direktor.
1643 6170 5191 6305 Die Richtigkeit des vorſtehenden Rechnungs⸗Abſchluſſes und der Bilanz wird auf Grund der von mir eingeſehenen und ordnungs⸗
1289 6230 5186 6376 mäßig geführten Bücher der Norddeutſchen Hagel⸗Verſicherungs⸗Geſellſchaft in Berlin in meiner Eigenſchaft als ein für allemal vereidigter
1287 6286 2220 6357 Bücher⸗Reviſor hiermit beſcheinigt.
1646 6351 3172 6448 Berlin, den 3. Januar 1871. (L. S.)
3509 6390 4872 6475 C. F. W. Adolphi gerichtlicher Bücher⸗Reviſor.
1638 6468 5177 6599 Der vorſtehende Rechnungs⸗Abſchluß nebſt Bilanz iſt von uns geprüft und genehmigt und demſelben von der heut abgehaltenen
1276 6516 3869 6633 General⸗Verſammlung laut darüber geführten notariellen Protokolle Decharge ertheilt worden.
1634 6586 5168 6719 Zugleich wird hiermit atteſtirt, daß in Folge Antrages der Direktion die General⸗Verſammlung beſchloſſen hat, auf die zu ihrer
1275 6634 5166 6782 Dispoſition geſtellte Hälfte des Ueberſchuſſes, unter Ueberweiſung deſſelben an den Sicherheits⸗Fonds, zu verzichten, ſo daß derſelbe nunmehr
1262 6689 2294 6780 20,537 Thlr. 10 Sgr. 11 Pf. beträgt.
1632 6761 2443 6833 Berlin, den 14. Januar 1871.
2202 6836 4233 6932 Der Verwaltungsrath der Norddeutſchen Hagel⸗Verſicherungs⸗Geſellſchaft:
2040 6888 4379 6998 Ritterſchafts⸗Direktor Freiherr von dem Kneſebeck⸗Jühnsdorf, Vorſitzender.
3576 6981 5058 7092 Hierbei Verluſt⸗Liſten Nr. 159 und 160.
6788 1313 8749 1509 Königlich Preußiſcher
5807 1742 7268 2107 Staats-
8218 1763 9675 2241 Anzeiger.
5806 1291 6548 1360 Das Abonnement beträgt 1 Thlr.
5982 1367 6364 1419 für das Vierteljahr.
5802 1424 6550 1480 Inſertionspreis für den Raum einer
5983 1492 6377 1552 Druckzeile 2 ½ Sgr.
8948 1368 9709 1432 Alle Poſt-Anſtalten des In- und
8947 1415 9705 1487 Auslandes nehmen Beſtellung an,
8953 1460 9695 1526 für Berlin die Expedition des Königl.
9019 1505 9622 1562 Preußiſchen Staats-Anzeigers:
9084 1565 9553 1622 Zieten⸗Platz Nr. 3.
5772 2427 6183 2541 No 22.
6397 2447 9054 2623 Berlin, Freitag den 20. Januar, Abends (Zweite Ausgabe)
9372 2530 9663 2638 1871.
6376 2743 7057 2826 Berlin, 20. Januar.
5901 2834 7665 2930 Wir ſind in den Stand geſetzt, die folgende Depeſche des
5766 2897 7663 3007 Bundeskanzlers Grafen von Bismarck vom 17. d. Mts. zu
5762 2966 6197 3035 veröffentlichen:
6550 3068 7521 3148 Verſailles, 17. Januar 1871.
6387 3159 7034 3238 Mein Herr Miniſter!
5889 3230 7652 3324 Ich habe die Ehre gehabt, das von Ihnen und dem ame⸗
5749 3295 7648 3399 rikaniſchen Herrn Geſandten, ſowie von mehreren früher in
5745 3360 7646 3460 Paris accreditirten Diplomaten unterzeichnete Schreiben vom
5744 3428 7645 3532 13. d. Mts. zu empfangen, in welchem mit Berufung auf das
5746 3493 7642 3595 Völkerrecht das Verlangen an mich gerichtet wird, bei den
5740 3560 7641 3664 Militärbehörden dahin zu wirken, daß Maßregeln getroffen wür⸗
5737 3627 7639 3732 den, die es den Landsleuten der Herren Unterzeichner geſtatteten,
5738 3694 7635 3800 ſich und ihr Eigenthum während der begonnenen Belagerung von
5732 3761 7634 3868 Paris in Sicherheit zu bringen. Ich bedauere, mich nicht überzeugen
5737 3829 7632 3927 zu können, daß die Reklamation, welche an mich zu richten die
5730 3893 7630 3990 Herren Unterzeichner mir die Ehre erwieſen haben, in dem Völker⸗
5728 3963 7629 4064 rechte ihre Begründung findet. Die ungewöhnliche, in der
5729 4032 7628 4135 neueren Geſchichte einzig daſtehende Maßregel, die Hauptſtadt
5727 4093 7626 4195 eines großen Landes in eine Feſtung und ihre Umgebung mit
5726 4160 7632 4269 faſt 3 Millionen Bewohnern in ein verſchanztes Lager zu
5727 4231 7620 4325 verwandeln, hat allerdings für die letzteren ungewöhnliche und
5720 4292 7619 4392 ſehr bedauernswerthe Zuſtände zur Folge gehabt. Dieſelben
5718 4359 7618 4457 ſind von denen zu verantworten, welche dieſe Hauptſtadt und
5715 4425 7617 4530 ihre Umgebung zur Feſtung und zum Schlachtfelde ge⸗
5714 4492 7615 4596 wählt haben, in jeder Feſtung aber von denen zu tragen,
5715 4561 7612 4659 welche in einer ſolchen freiwillig ihren Wohnſitz nehmen und
5714 4626 7611 4727 im Kriege beibehalten. Paris iſt die wichtigſte Feſtung des
5711 4692 7609 4797 Landes, und Frankreich hat in derſelben ſeine Hauptheere ge⸗
5708 4759 7608 4856 ſammelt; dieſe greifen aus ihrer feſten Stellung inmitten der
5705 4826 7606 4925 Bevölkerung von Paris durch Ausfälle und Geſchützfeuer die
5704 4892 7604 4988 deutſchen Heere an. Angeſichts dieſer Thatſachen kann den
5703 4958 7602 5057 deutſchen Heerführern nicht zugemuthet werden, auf den An⸗
5699 5026 7601 5120 griff der Feſtung Paris zu verzichten oder denſelben in einer
5699 5093 7596 5204 Weiſe zu führen, welcher mit dem Zwecke jeder Belagerung
5695 5161 6277 5230 unverträglich wäre.
5831 5239 7595 5335 Was geſchehen konnte, um den unbewaffneten neutralen
5697 5304 7608 5403 Theil der pariſer Bevölkerung vor den Nachtheilen und Ge⸗
5692 5372 7591 5473 fahren der Belagerung zu bewahren, das iſt von deutſcher
5692 5438 7589 5542 Seite geſchehen. Durch ein Cirkular des Staatsſekretärs Herrn
5690 5506 7588 5611 von Thile vom 26. September v. J. wurden die in Berlin beglaubig⸗
5686 5573 7586 5666 ten Geſandten und durch mein Schreiben vom 10. Oktober wurden
5687 5639 7584 5738 Seine Eminenz der päpſtliche Nuntius und die übrigen damals
5684 5707 7583 5811 noch in Paris verweilenden Mitglieder des diplomatiſchen
5685 5772 7581 5873 Corps daran erinnert, daß die Einwohner von Paris fortan
5678 5840 7577 5945 dem Gange der militäriſchen Ereigniſſe unterworfen ſeien. In
5679 5908 7577 6011 einem zweiten Cirkular vom 4. Oktober wurde auf die Folgen
5678 5973 7579 6080 hingewieſen, welche für die Civilbevölkerung aus einem aufs
5673 6039 7575 6138 Aeußerſte fortgeſetzten Widerſtande erwachſen müßten; und den
5674 6106 7575 6215 Inhalt dieſes Cirkulars habe ich unter dem 29. deſſelben
5670 6172 7574 6278 Monats dem Herrn Geſandten der Vereinigten Staaten
5674 6241 7574 6345 in Paris mit dem Erſuchen mitgetheilt, den übrigen
5665 6306 7570 6412 Mitgliedern des diplomatiſchen Corps davon Kenntniß
5667 6377 7572 6479 zu geben. Es hat alſo an vorgängiger Warnung, an Auffor⸗
5669 6441 7572 6542 derung, die belagerte Stadt zu verlaſſen, den Neutralen nicht
5667 6508 7568 6602 gefehlt, obwohl der Erlaß ſolcher Warnungen und die Ge⸗
5662 6571 7564 6667 ſtattung der Entfernung wohl von humanem Gefühl und von
5661 6636 7564 6744 Rückſicht auf die Angehörigen neutraler und befreundeter
5661 6702 7570 6800 Staaten, aber keineswegs durch einen Satz des Völker⸗
5660 6773 7562 6874 rechts diktirt ſind. Noch weniger iſt durch Geſetz oder Gewohn⸗
5657 6832 7560 6932 heit die Verpflichtung begründet, den Belagerten von den ein⸗
5655 6900 7560 7010 zelnen militäriſchen Operationen, zu denen die Belagerung fort⸗
7760 2782 9661 2901 ſchreitet, vorher Anzeige zu machen, wie ich ſchon mit Bezug
7756 2851 9659 2963 auf das Bombardement in meinem an Herrn J. Favre gerichteten
7755 2915 9650 3036 Schreiben vom 26. September v. J. zu konſtatiren die Ehre gehabt
7754 2980 9642 3096 habe. Daß bei fortgeſetztem Widerſtande eine Beſchießung der
7752 3047 9656 3160 Stadt erfolgen werde, darauf mußte man gefaßt ſein. Ob⸗
7750 3116 9646 3228 wohl er kein Beiſpiel einer befeſtigten Stadt mit ſo großen
7742 3179 9648 3298 Heeren und Kriegsmitteln wie Paris, vor Augen hatte, bezeugt
7739 3241 7950 3305 Vattel:
7876 3329 9647 3439 Détruire une ville par les bombes et les boulets
7737 3402 9632 3512 rouges est d'une extrémité à laquelle on ne se porte
7734 3468 9625 3570 pas sans de grandes raisons. Mais elle est autorisée
7736 3530 9624 3649 cependant par les lois de la guerre, lorsqu'on n'est pas
7732 3596 9621 3705 en état de réduire autrement une place importante de
7722 3650 9636 3787 laquelle peut dépendre le succès de la guerre ou qui
7724 3731 9099 3822 sert à nous porter des coups dangereux.
7850 3813 9619 3916 Gegen die Beſchießung von Paris iſt ein rechtsbegründeter
7720 3865 9621 3984 Einwand um ſo weniger zu erheben, als es nicht unſere Ab⸗
7721 3935 9613 4058 ſicht iſt, die Stadt, wie Vattel es zuläſſig hält, zu zerſtören,
7716 4005 9612 4118 ſondern nur die feſte centrale Stellung unhaltbar zu machen,
7711 4070 9609 4175 in welcher die franzöſiſchen Armeen ihre Angriffe auf die deut⸗
7709 4136 9606 4254 ſchen Truppen vorbereiten und nach deren Ausführung Deckung
7713 4196 7902 4270 finden.
7845 4283 9602 4392 Ich erlaube mir endlich, Ew. ꝛc. und die übrigen Herren
7703 4346 9601 4450 Unterzeichner des geehrten Schreibens vom 13. d. M. daran
7696 4424 9598 4519 zu erinnern, daß nach den oben erwähnten dieſſeitigen An⸗
7709 4480 9606 4599 kündigungen und Warnungen monatelang alle Neutrale,
7704 4545 9615 4666 die es wünſchten, ohne weitere Bedingung als die Feſtſtellung
7701 4614 9593 4718 ihrer Identität und Nationalität durch unſere Linien
7701 4682 9591 4786 gelaſſen wurden, und daß bis zum heutigen Tage nicht allein
7690 4750 9608 4861 den Mitgliedern des diplomatiſchen Corps, ſondern auch
7696 4816 9590 4927 anderen Neutralen, wenn ſie von ihren Regierungen
7693 4878 9587 4986 reſp. Geſandten reklamirt wurden, Paſſirſcheine bei
7692 4950 9584 5053 unſeren Vorpoſten zur Verfügung geſtellt worden
7689 5013 9584 5118 ſind. Viele der Herren Unterzeichner des Schreibens vom 13.
7690 5078 9605 5187 ſind ſeit Monaten von uns benachrichtigt, daß ſie unſere Linien
7688 5147 9591 5252 paſſiren können, und ſie ſind ſeit lange im Beſitze der Erlaub⸗
7685 5216 9579 5327 niß ihrer Regierungen, Paris zu verlaſſen. In analoger Lage
7679 5279 9577 5395 befinden ſich Hunderte von Angehörigen neutraler Staaten,
7679 5349 9579 5459 deren Herauslaſſung durch ihre Geſandten bei uns beantragt
7675 5417 9573 5522 wurde. Weshalb dieſelben von der Ermächtigung, die ſie ſeit
7675 5482 9569 5584 ſo langer Zeit beſitzen, keinen Gebrauch machten, darüber
7675 5549 9569 5659 fehlen amtliche Nachrichten. Aus glaubwürdigen Privatmitthei⸗
7674 5615 9569 5722 lungen darf ich aber ſchließen, daß die franzöſiſchen Behörden
7672 5681 9570 5790 ſeit längerer Zeit den Angehörigen neutraler Staaten,
7673 5751 9566 5858 auch den Diplomaten derſelben, nicht geſtatten, Paris
7669 5817 9576 5924 zu verlaſſen. Wenn dies der Fall iſt, ſo würde es ſich em⸗
7667 5883 9588 5992 pfehlen, daß die zum Verbleiben in Paris Gezwungenen ihre
7667 5950 9559 6059 Proteſte bei den dortigen Machthabern anbringen. In jedem
7665 6018 9557 6121 Falle bin ich nach dem Vorſtehenden berechtigt, die An⸗
7665 6084 9558 6182 nahme in dem Schreiben vom 13. d. Mts., daß die Neutra⸗
7663 6149 9567 6261 len ont été empêchés de se soustraire au danger par
7661 6213 9564 6319 les difficultés opposées à leur départ par les belli-
7658 6283 9557 6393 gérants, rückſichtlich der deutſchen Heerführung zurückzu⸗
7659 6350 9558 6453 weiſen. Die den Mitgliedern des diplomatiſchen Corps ertheilte
7659 6415 9561 6517 Ermächtigung werden wir als eine Sache internationaler Cour⸗
7657 6483 9549 6583 toiſie aufrecht erhalten, ſo ſchwierig und ſtörend auch die Aus⸗
7650 6546 9554 6662 führung in dem gegenwärtigen Stadium der Belagerung
7650 6621 9554 6716 werden muß. Ihre zahlreichen Landsleute den von der Bela⸗
7651 6685 9553 6788 gerung einer Feſtung unzertrennlichen Gefahren zu ent⸗
7648 6748 9543 6844 ziehen, habe ich gegenwärtig zu meinem Bedauern kein
7652 6814 9545 6916 anderes Mittel mehr, als die Uebergabe von Paris. Wir
7649 6878 9564 6984 befinden uns in der traurigen Nothwendigkeit, die militäriſche
7649 6946 9541 7040 Aktion nicht unſerem Mitgefühl für die Leiden der Civilbevölke⸗
7558 7023 7630 7079 38
2034 4470 2543 4531 Einnahme.
1324 4575 2120 4648 Uebertrag aus dem Vorjahre
1324 4639 2714 4719 Prämie von 4668 Policen mit Thlr. 14,217,540
1380 4697 1941 4767 Verſicherungsſumme
1318 4756 2022 4826 Policengebühren, Antheil
1312 4813 1506 4877 Zinſen
1315 4875 2703 4953 Beitrag der Beſchädigten zu den Regulirungskoſten
2575 4970 2727 5024 Thlr.
2809 4543 2956 4594 Thlr.
2882 4602 2951 4650 65
2742 4719 2944 4768 104 528
2877 4779 2948 4829 12
2797 4838 2947 4890 1,426
2791 4896 2945 4949 2,170
2755 4973 2953 5031 108,203
2992 4543 3117 4597 Sgr.
3004 4604 3080 4654 21
2997 4723 3078 4773 13
2995 4782 3074 4832 20
3024 4842 3071 4893 9
3020 4900 3074 4954 2
3035 4976 3076 5023 5
3140 4546 3241 4605 Pf.
3158 4608 3201 4657 1
3129 4733 3219 4772 —
3135 4799 3209 4830 —
3133 4850 3216 4889 —
3146 4902 3193 4954 8
3158 4980 3211 5026 9
4056 4503 4498 4569 Ausgabe.
4800 4571 4949 4631 Thlr.
3316 4604 4027 4683 Annullirte Verſicherungen
4832 4635 4937 4691 988
3321 4668 4197 4740 Schäden inkl. Regulirungskoſten
4759 4694 4935 4752 58,319
3314 4728 4707 4816 Proviſionen und Unkoſten der General⸗, Haupt⸗
3377 4790 3949 4854 und Spezial⸗Agenten
4758 4815 4942 4871 14,275
3314 4844 4103 4917 Geſammt⸗Verwaltungskoſten
4788 4874 4935 4926 7,885
3308 4904 3592 4970 Ueberſchuß
4757 4931 4933 4986 26,734
4570 4996 4939 5069 Thlr. 108,203
4980 4575 5106 4644 Sgr.
4991 4638 5057 4696 28
4984 4698 5060 4752 21
4980 4823 5087 4869 —
5012 4881 5066 4930 8
5019 4939 5050 4985 7
5023 5013 5073 5062 5
5128 4582 5227 4648 Pf.
5123 4660 5209 4690 —
5127 4705 5190 4758 4
5132 4822 5188 4875 9
5134 4885 5181 4933 1
5135 4939 5185 4991 7
5142 5015 5192 5064 9
1615 5065 2318 5141 Von dem Ueberſchuß von
1680 5133 1904 5192 geht ab:
1787 5190 2739 5262 Tantième laut §. 11 des Statuts
1790 5252 3964 5338 Abſchreibung der Geſammt⸗Einrichtungs⸗ und Organiſationskoſten des Geſchäfts
3992 5226 4533 5290 Thlr. 533. 11. —.
4243 5371 4439 5425 bleiben
4048 5289 4522 5351 » 5,663. 15. 8.
1620 5380 3952 5474 Davon die Hälfte laut §. 16 des Statuts an den Sicherheits⸗ (Reſerve⸗) Fonds mit
1666 5451 3160 5542 verbleiben zur Dispoſition der General⸗Verſammlung
4616 5122 4967 5182 Thlr. 26,734.
4652 5302 4964 5362 » 6,196.
4610 5375 4965 5436 Thlr. 20,537.
4658 5439 4954 5499 » 10,268
4605 5509 4954 5569 Thlr. 10,268.
5016 5129 5077 5181 7.
4986 5306 5074 5365 26.
4987 5380 5070 5438 10.
4984 5442 5074 5498 20.
4984 5515 5068 5568 20.
5126 5130 5188 5187 7.
5113 5310 5188 5366 8.
5098 5383 5180 5441 11.
5090 5445 5186 5505 5 ½.
5090 5518 5170 5583 5 ½.
3078 5602 3431 5662 Bilanz.
2125 5633 2381 5695 Aktiva.
1296 5742 1692 5806 Wechſel⸗Conto
1299 5803 1636 5860 Caſſa⸗Conto
1294 5859 1696 5924 Effekten⸗Conto
1296 5921 2638 6002 Ausſtehende Forderungen (durch Kaution gedeckt)
2589 6020 2732 6071 Thlr.
2778 5707 2927 5764 Thlr.
2759 5767 2942 5830 13,313
2798 5832 2936 5881 1,949
2787 5886 2936 5950 4,930
2834 5949 2937 6007 412
2755 6023 2938 6073 20,605
2956 5711 3088 5775 Sgr.
3008 5779 3059 5823 5
2980 5831 3055 5884 26
2983 5892 3050 5946 13
2974 5951 3056 6003 14
2971 6029 3049 6078 29
3112 5717 3211 5780 Pf.
3134 5779 3180 5824 9
3132 5832 3182 5887 8
3132 5897 3177 5944 6
3097 5960 3200 6004 —
3097 6025 3171 6083 11
4102 5675 4380 5736 Paſſiva.
3289 5780 4086 5852 Im Voraus erhobene Zinſen
3279 5832 4086 5909 Sicherheits⸗ (Reſerve⸗) Fonds
3281 5896 3452 5958 Conto
4561 6056 4709 6112 Thlr.
4762 5743 4912 5812 Thlr.
4845 5808 4915 5857 68
4742 5867 4910 5931 20,537
4731 6061 4917 6121 20,605
4939 5744 5066 5808 Sgr.
4968 5814 5040 5863 19
4969 5872 5037 5926 10
4962 6065 5040 6120 29
5087 5757 5190 5822 Pf.
5092 5822 5169 5859 —
5094 5874 5167 5927 11
5086 6061 5160 6122 11
