10720 7440
3053 1148 3207 1225 858
1916 1259 2365 1322 Paſſiva.
1336 1651 2258 1728 Berlin, den 23. Februar 1871.
1406 1723 2874 1791 Königlich Preußiſches Haupt⸗Bank⸗Direktorium.
1371 1790 2927 1857 von Dechend. Boeſe. Rotth. Gallenkamp.
1948 1857 2356 1922 Herrmann.
1721 2030 2542 2102 Nichtamtliches.
1315 2139 3086 2207 Preußen. Berlin, 28. Februar. Ihre Majeſtät die
1189 2204 3086 2274 Kaiſerin⸗Königin war geſtern im Deutſchen Centralkomite
1185 2271 3085 2341 anweſend. — Im Königlichen Palais fand ein größeres
1194 2337 1541 2404 Diner ſtatt.
1322 2487 3083 2558 — Seitens Sr. Majeſtät des Deutſchen Kaiſers iſt
1186 2553 3072 2627 des Königs von Bayern Majeſtät folgendes Telegramm
1184 2632 1540 2688 zugegangen:
1326 2701 3082 2772 »Verſailes, 27. Februar, 10 Uhr 55 Minuten Vor⸗
1181 2780 1426 2849 mittags.
1319 2857 3080 2938 Mit dankerfülltem Herzen gegen die Vorſehung zeige ich
1180 2940 3081 3014 Ihnen an, daß geſtern Nachmittag die Friedenspräliminarien
1181 3020 3081 3096 hier unterzeichnet worden ſind, auf welche der Elſaß, aber ohne
1178 3099 3081 3177 Belfort, Deutſch⸗Lothringen mit Metz an Deutſchland abgetreten
1176 3181 3081 3258 worden ſind, 5 Milliarden gezahlt werden und Theile Frank⸗
1175 3260 3078 3338 reichs beſetzt bleiben bis zur Abzahlung dieſer Summe. Paris
1176 3340 3077 3420 wird theilweiſe beſetzt. Wenn die Ratifikation in Bordeaux er⸗
1172 3408 3073 3497 folgt, ſo ſtehen wir am Ende dieſes glorreichen, aber auch blu⸗
1172 3501 3073 3579 tigen Krieges, der uns mit Frivolität ohne Gleichen aufge⸗
1170 3584 3073 3657 zwungen wurde und an dem Ihre Truppen ſo ehrenvollen
1172 3660 3071 3740 Antheil nahmen. Möge Deutſchlands Größe ſich nur in Frie⸗
1172 3743 1673 3809 den konſolidiren.
2485 3749 2933 3813 Wilhelm. «
1254 3910 3073 3987 — An des Kaiſers und Königs Majeſtät ſind wieder
1172 3975 3070 4053 Telegramme und Adreſſen in großer Anzahl nach Verſailles
1175 4042 3067 4123 überſendet worden, in welchen allen neben der Beglück⸗
1174 4109 3069 4187 wünſchung Sr. Majeſtät auch der Dank ſeinen patrio⸗
1171 4170 3069 4250 tiſchen Ausdruck findet. Solcher Glückwunſchſchreiben und
1173 4241 3065 4314 Dankſagungen liegen gegenwärtig vor: von den ſtädtiſchen Be⸗
1169 4308 3065 4386 hörden zu Rieſa, Zeulenroda (Reuß), Herdecke an der Ruhr,
1164 4372 3064 4453 Hechingen, Wernigerode am Harz, Poſen und Sommerfeld,
1169 4442 3059 4523 von den Univerſitäten zu Leipzig und Marburg, von den
1171 4505 3059 4585 Mitgliedern des Deutſch⸗patriotiſchen Hülfs⸗Vereins
1165 4572 3058 4653 zu Hicksville (Long⸗Island, Nord⸗Amerika), von
1168 4640 3057 4718 den Einwohnern zu Schweigern bei Heilbronn, von
1165 4707 3057 4789 den Bewohnern im Lande Hadeln, vom Domkapitel von
1168 4772 3054 4859 Paderborn, von dem Saarbrücker Knappen⸗Verein »Wilhelm«
1159 4840 3055 4918 zu Dudweiler, von der Salzwirker⸗Brüderſchaft zu Halle an
1162 4902 3056 4987 der Saale, von der Schützengilde zu Potsdam, von der Schuh⸗
1156 4974 3054 5048 macher⸗Innung zu Berlin und von vielen Bewohnern von
1159 5038 3054 5122 Leipzig, Hamburg, Tholey (Reg. Bez. Trier), Kallmerode (Reg.
1157 5105 3059 5185 Bez. Erfurt), Camelow (Hinterpommern) und Frankfurt an
1152 5169 1434 5231 der Oder.
1273 5319 3050 5401 — Obgleich die Unterzeichnung der Friedenspräliminarien
1160 5389 3048 5474 erſt nach der Zuſtimmung der Nationalverſammlung durch
1163 5451 3048 5536 Victoria⸗Schießen und eine Erleuchtung der öffentlichen Ge⸗
1158 5520 3048 5605 bäude feierlich begangen werden ſoll, hatte die Hauptſtadt
1155 5587 3047 5674 geſtern dennoch ſofort nach Eintreffen der hochwichtigen Frie⸗
1147 5654 3047 5738 densbotſchaft den reichſten Flaggenſchmuck angelegt. Auf den
1155 5720 3043 5805 Straßen bewegte ſich bis zum ſpäten Abend das Publikum
1149 5787 3042 5872 in freudigſter Aufregung, wie ſie in der Art ſeit dem
1147 5853 3041 5942 3. September die Gemüther nicht erfüllt hatte. Umzüge
1151 5921 3039 6014 mit Fahnen, namentlich von der Jugend, drängten ſich durch
1146 5987 3039 6080 die Menge, und ſelbſt der herabſtrömende Regen vermochte nicht
1147 6055 3035 6138 die Straßen zu leeren, in denen die Erwartung feſtlicher Be⸗
1148 6121 3039 6210 leuchtung zahlloſe Schaaren von Spaziergängern bis zur
1108 6187 3040 6273 ſpäten Abendſtunde feſthielt. Die Illumination war nur eine
1142 6255 3036 6342 partielle, aber glänzend, wo ſie überhaupt zur Ausführung ge⸗
1140 6319 3033 6415 kommen war, was am geſtrigen Abende allgemein noch nicht
1083 6384 1692 6458 in der Abſicht lag.
1274 6451 3034 6548 Auch aus einigen anderen Städten liegen bereits Nach⸗
1140 6517 3035 6610 richten über die freudige Aufnahme der Nachricht von der
1137 6584 3037 6679 Unterzeichnung der Friedenspräliminarien vor. In Magdeburg,
1136 6650 3034 6745 Frankfurt a. M., Cöln und Hamburg waren die Häuſer
1142 6716 3033 6809 feſtlich mit Fahnen geſchmückt und eine zahlreiche, freudig
1123 6783 2530 6864 bewegte Menſchenmenge durchzog die Straßen.
3310 1260 5089 1352 — In der geſtrigen (3.) Sitzung des Bundesraths führte
3183 1329 5089 1419 der Staats⸗Miniſter Delbrück in Vertretung des Bundeskanzlers
3184 1396 5088 1489 den Vorſitz. Nachdem der Vorſitzende über die Lage der Frie⸗
3183 1463 5083 1545 densverhandlungen, über den Tag des Zuſammentritts des
3181 1528 5082 1617 Reichstags ſowie über die Bildung der Ausſchüſſe für das
3179 1595 5086 1692 Landheer und die Feſtungen und für das Seeweſen Mittheilung
3182 1664 5080 1753 gemacht hatte, wurden — 1) die Vorlagen des Präſidiums
3184 1729 5083 1830 betr. a) den Abſchluß eines Freundſchafts⸗, Handels⸗ und Schiff⸗
3182 1795 5079 1886 fahrtsvertrages mit Honduras — b) das Regulativ für den
3183 1861 5081 1951 Geſchäftsgang bei dem Bundes⸗Ober⸗Handelsgericht — c) Nor⸗
3181 1929 5079 2026 mativbeſtimmungen über Hafenregulative, — 2) die Anträge
3181 1995 5077 2093 Badens betr. a) den Zolleinſchluß des auf ſchweizeriſchem
3182 2060 5078 2156 Gebiete belegenen Theiles des Bahnhofs zu Konſtanz —
3177 2127 5076 2224 b) Amendements zum Geſetzentwurfe wegen des Schadenerſatzes
3180 2194 5081 2284 für Körperverletzungen u. ſ. w. beim Bergwerks⸗ ꝛc. Betriebe —
3178 2259 5074 2355 3) ein Antrag Heſſens betr. die Umzugskoſten für die zu den
3179 2328 5077 2421 vereinsländiſchen Hauptämtern in den Hanſeſtädten zu ent⸗
3177 2393 5076 2486 ſendenden Beamten — 4) ein Antrag Braunſchweigs betr.
3177 2460 5074 2557 Amendements zum Geſetzentwurfe wegen des Schadenerſatzes
3177 2525 5075 2613 für Körperverletzungen u. ſ. w. beim Bergwerks ꝛc. Betriebe
3174 2593 5075 2684 — 5) Die Anträge Hamburgs betr. a) Abänderungen des Re⸗
3175 2661 5080 2752 gulativs für die Zollvereins⸗Niederlage in Hamburg —
3174 2726 5075 2825 b) Branntwein⸗Ausfuhr nach dem Elſaß — 6) ein Antrag
3175 2794 5073 2890 Mecklenburg⸗Schwerins, Weinzoll⸗Rabatt betreffend — 7) ein
3174 2860 5077 2958 Antrag Württembergs betr. Stempelfreiheit von Platzanwei⸗
3175 2927 5072 3024 ſungen, den betreffenden Ausſchüſſen überwieſen. Sodann folg⸗
3175 2993 5072 3085 ten Ausſchußberichte über a) die Geſchäftsordnung für den
3174 3061 5074 3161 Bundesrath, b) den Antrag Oldenburgs, betr. die Aenderung
3176 3128 5070 3217 der Grenze des Freihafenbezirkes Brake, c) die Wahlkreiſe in
3174 3195 5067 3290 den ſüddeutſchen Staaten. Mehrere an den Bundesrath ge⸗
3171 3261 4842 3354 richtete Eingaben gingen an die betreffenden Ausſchüſſe.
3297 3329 5068 3429 — Der Ausſchuß des Bundesrathes für Handel und
3171 3408 4671 3489 Verkehr trat heute zu einer Sitzung zuſammen.
3166 3601 5070 3692 Aus den Hauptquartieren in Verſailles, 22. Februar.
3304 3672 5067 3760 Die Audienz, die Herrn Thiers geſtern Mittag 1 Uhr von
3166 3738 5065 3828 Sr. Majeſtät dem Kaiſer und Könige bewilligt wurde, fand
3168 3805 5068 3888 ohne Zeugen ſtatt. Herr Thiers hatte um 1 ¾ Uhr in der Villa
3166 3872 5066 3956 Les Ombrages eine Unterredung mit Sr. Kaiſerlichen und
3165 3939 5065 4017 Königlichen Hoheit dem Kronprinzen, die dreiviertel Stunden
3163 4006 5065 4090 währte und in welcher der Chef der franzöſiſchen Republik mit
3162 4072 5064 4167 großer Ausführlichkeit auf die innere Lage Frankreichs einging.
3160 4138 5061 4230 Auch zu den Verhandlungen, die zwiſchen dem Bundeskanzler
3161 4204 5060 4295 Grafen Bismarck und Herrn Thiers ſtattfanden, war Niemand zu⸗
3159 4268 5059 4357 gezogen, obwohl der Letztere bei ſeiner Anweſenheit in Verſailles die
3158 4336 5057 4433 15 Mitglieder der Friedenskommiſſion, Herrn Barthélemy St. Hi⸗
3155 4403 5059 4495 laire und außerdem einen Oberſten vom Stabe des General Vinoy
3153 4470 5056 4560 in ſeiner Begleitung gehabt hatte. Der Kaiſer empfing vorgeſtern
3155 4535 5056 4630 den Herzog von Mancheſter, der ſchon wiederholt bei der deutſchen
3152 4603 5056 4693 Armee im Felde verweilte. Danach wohnten Se. Majeſtät
3154 4669 5054 4762 der Verladung eines bayeriſchen Sanitätszuges auf dem Bahn⸗
3151 4736 5053 4819 hofe der linksſeitigen Seine⸗Bahn bei. Zum Diner waren
3149 4802 5051 4902 mehrere Offiziere befohlen, die das Eiſerne Kreuz erſter Klaſſe
3147 4869 3600 4936 erhalten haben.
3285 4935 5054 5016 Geſtern Abend traf im Hauptquartier der III. Armee der
3150 5002 5053 5097 Ehrenſäbel ein, den die »deutſche Sanitary⸗Fair« in Phila⸗
3152 5069 5051 5151 delphia Sr. Kaiſerlichen und Königlichen Hoheit dem Kron⸗
3147 5136 5046 5230 prinzen überſandt hat. Die deutſche Geſellſchaft war einig
3148 5202 5045 5291 geworden, dieſes Ehrengeſchenk einem der verdienſtvollen
3147 5266 5046 5363 Generale bei der deutſchen Armee zu übermitteln und fiel die
3144 5335 5045 5431 Wahl, an der auch verſchiedene elſäſſiſche und lothringiſche
3141 5403 5043 5496 Ausgewanderte deutſchen Stammes Theil na men, einſtimmig
3141 5469 5043 5565 auf ſeine Kaiſerliche und Königliche Hohe t den Kronprinzen.
3139 5536 5040 5626 Die Waffe iſt in Silber gearbeitet mit goldenem Beſchlag; am
3144 5602 5043 5691 Griff iſt, als Sinnbild des Kampfes zwiſchen Wahrheit und
3137 5670 5044 5766 Lüge, das Emblem eines Schlangen zertretenden Panthers
3134 5733 3459 5800 angebracht.
3271 5804 5039 5891 Die Offiziere der Garniſon von Verſailles hatten heute
3132 5869 5034 5949 Mittag auf dem Hippodrom vor dem Thore der Avenue von
3131 5936 5037 6026 Paris ein Offizierswettrennen veranſtaltet, dem Se. Majeſtät
3132 6004 5033 6085 der Kaiſer, mehrere Prinzen und Fürſten beiwohnten. Se.
3129 6069 5032 6151 Majeſtät der König von Württemberg wird am Sonnabend
3128 6136 3544 6207 hier erwartet.
3266 6204 5033 6291 Durch die Einſtellung ihrer ordentlichen Sitzungen, welche
3128 6270 5034 6359 am 20. Februar beſchloſſen wurde, hat die Verſammlung von
3127 6337 5031 6419 Bordeaux zu erkennen gegeben, daß ſie ſich eines jeden Druckes
3126 6403 5029 6491 auf die diplomatiſchen Verhandlungen, die in Verſailles geführt
3127 6470 5030 6561 werden, enthalten will. Nach dem ſtenographiſchen Bericht
3127 6535 5031 6623 vom 19. Februar, den das »Journal officiel« in ſeiner heuti⸗
3127 6601 5030 6694 gen Nummer abdruckt, hat die Kammer noch im letzten Augen⸗
3127 6668 5026 6754 blick vor ihrer Vertagung einige Beſchlüſſe gefaßt, aus denen
3124 6735 5027 6820 hervorgeht, daß die neue Regierung von dem ernſten Willen
3125 6801 5027 6886 beſeelt iſt, ſo raſch als möglich zu einer geordneten Verwal⸗
3120 6869 5024 6959 tung überzugehen. Dahin gehört zunächſt der Antrag Ger⸗
7559 1173 7727 1262 859
5705 1294 7606 1380 main's, der die Verſammlung auffordert, dem künftigen
5707 1362 7608 1458 Finanz⸗Miniſter einen Kredit von 100 Millionen zur Deckung
5710 1429 7605 1513 des während des Krieges entſtandenen Defizits zu eröffnen.
5709 1496 7608 1588 Dieſe Anleihe wurde nothwendig, weil die von dem Gouver⸗
5709 1561 7608 1641 nement der nationalen Vertheidigung ohne die Kontrole eines
5706 1628 7608 1721 geſetzgebenden Körpers emittirten Schatzſcheine vom Publikum
5713 1696 7610 1784 nicht für voll angeſehen wurden und zum großen Theil nur
5712 1762 7609 1845 mit dem erheblichen Verluſt von 25 pCt. diskontirt werden
5712 1827 7610 1910 konnten. Angeſichts dieſer Thatſache ſtimmte die Kammer für
5714 1896 7611 1981 die Dringlichkeit des Antrages und verwies ihn an die
5712 1961 7611 2049 Bureaux. Von noch größerer Tragweite war der in
5715 2029 7610 2116 derſelben Sitzung eingebrachte Antrag des Deputirten
5712 2094 7614 2185 für Seine und Oiſe, Barthélemy de St. Hilaire,
5718 2162 7612 2245 die Niederſetzung von 8 Kommiſſionen, die ſich mit einer voll⸗
5712 2228 7613 2323 ſtändigen Inventaraufnahme der vorhandenen Wehrkräfte und
5703 2295 7614 2382 Hülfsmittel Frankreichs beſchäftigen ſollen. Die erſte dieſer
5705 2364 7617 2446 Kommiſſionen wird den Zuſtand der Armee zu prüfen haben,
5719 2432 7615 2518 die zweite den der Marine, die dritte die Finanzen, die vierte
5718 2496 7616 2592 Eiſenbahnen, Landwege, Flüſſe und Kanäle, die fünfte die Be⸗
5719 2562 7616 2650 ſchaffenheit der Poſt⸗ und Telegraphenlinien, die ſechſte den Zu⸗
5719 2630 7618 2716 ſtand der von den deutſchen Armeen beſetzten Landestheile, die
5720 2696 7617 2787 ſiebente das Gebiet der inneren Verwaltung und die achte den
5719 2762 7618 2853 Zuſtand des geſammten franzöſiſchen Handels. Die politiſche
5715 2830 7619 2916 Wichtigkeit dieſer Beweisaufnahme, die allein geeignet
5720 2894 7619 2985 iſt, vor dem franzöſiſchen Volke das wahre Bild
5720 2961 7622 3052 ſeiner gegenwärtigen materiellen Lage zu entfalten, wurde
5721 3027 7622 3106 von der Nationalverſammlung richtig erkannt, und in Folge
5720 3094 7619 3184 deſſen auch für den Antrag St. Hilaire's die Dringlichkeit be⸗
5725 3156 7620 3250 ſchloſſen. Nur die äußerſte Linke blieb beiden Geſetzentwürfen
5720 3228 7621 3320 gegenüber bei dem negativen Verfahren, das man bereits an
5728 3294 7622 3384 ihr gewöhnt iſt, und das nur zu deutlich zeigt, wie es dieſem
5721 3362 7625 3451 Theil der franzöſiſchen Volksvertretung lediglich darauf an⸗
5720 3429 7625 3514 kommt, die Beſchlüſſe der Verſammlung hinzuhalten oder zu
5725 3494 7627 3582 durchkreuzen. Anerkanntermaßen trachtet die demokratiſche
5727 3561 7625 3653 Partei, jede Thätigkeit der Kammer von Bordeaux, die über
5726 3628 7625 3717 die Frage des Krieges oder Friedens hinausgeht, unmöglich zu
5726 3690 7627 3782 machen und die Konſtituirung der künftigen Verfaſſungszuſtände
5722 3761 7628 3854 Frankreichs einer neuen Verſammlung zu überlaſſen, bei der
5718 3829 7626 3916 ſie, mit Hülfe neuer Wahlintriguen ſtärker vertreten zu ſein
5730 3895 7628 3987 hofft, als ihr dies bei der Volksabſtimmung vom 8. Februar
5727 3961 7630 4055 gelungen iſt. Ebenſo beſtimmt aber darf von der Rechten,
5729 4029 7628 4109 vom Centrum und von der liberalen Linken verſichert werden,
5731 4094 7630 4184 daß ſie den Wunſch hegen, die Aufgabe der geſetzmäßigen Ge⸗
5728 4161 7633 4247 ſtaltung Frankreichs auf die derzeitige, gemäßigten Prinzipien
5735 4229 7633 4320 huldigende Verſammlung übertragen zu ſehen. Man hat be⸗
5732 4296 7634 4384 merkt, daß Thiers in ſeiner Rede vom 19. Februar ver⸗
5732 4361 7631 4454 mied, auf dieſen Punkt einzugehen. Perſönliche Nachrichten
5733 4428 7636 4518 machen es jedoch wahrſcheinlich, daß der Chef der Exeku⸗
5731 4494 7637 4581 tive der Fortſetzung der gegenwärtigen Verſammlung und
5734 4562 7641 4652 ihrer Erhebung zur Konſtituante nichts weniger als abgeneigt
5733 4629 7639 4722 iſt. Das Miniſterium ſcheint dieſe Anſicht zu theilen, da man
5734 4695 7641 4777 mit der Anordnung der Erſatzwahlen für die in mehreren De⸗
5724 4761 7640 4856 partements ernannten Abgeordneten umgeht. Die Herren
5729 4827 7643 4923 Thiers, Jules Favre und Leon Say, der Verwaltungschef
5736 4893 7641 4982 der Nordbahn und Redakteur der »Débats«, werden für
5738 4960 7641 5056 Paris anne men, Caſimir Perier für Aube, Gambetta für
5735 5027 7642 5117 Marſeille, Lanfrey, Verfaſſer der neueſten Biographie Napo⸗
5737 5110 6439 5185 leons I., für Savoyen.
5881 5175 7644 5263 Der Brief Trochus an Herrn Vrignault, den Herausgeber
5740 5243 7644 5330 der »Liberté«, namentlich die Stelle, wo der General den Rath
5742 5310 7647 5405 giebt, die Thore von Paris, wenn die deutſche Armee ihren
5739 5376 7648 5470 Einzug halten will, zu ſchließen und es auf gewaltſame Er⸗
5743 5445 7647 5542 zwingung des Eintritts durch die deutſchen Kanonen ankommen
5743 5510 7649 5609 zu laſſen, hat in Paris einen peinlichen Eindruck gemacht und
5747 5576 7653 5665 wird von einſichtigen Organen, wie z. B. der »Patrie«, mit
5746 5643 7653 5735 einer nochmaligen herben Kritik über die geſammte Taktik des
5745 5721 6883 5805 Vertheidigers von Paris gemißbilligt.
5883 5789 7656 5882 — 27. Februar. (T. D. d. St. A.) Vor dem Feſt⸗
5751 5856 7657 5952 diner, das geſtern zu Ehren Sr. Majeſtät des Königs
5751 5923 7660 6012 von Württemberg, deſſen Ankunft hierſelbſt erfolgt iſt,
5748 5990 7659 6082 in der Präfektur ſtattfand, verkündeten Se. Majeſtät der
5752 6058 7659 6154 Kaiſer und König den eingeladenen Fürſten den eben
5754 6125 7661 6221 vollzogenen Abſchluß der Friedenspräliminarien und um⸗
5756 6190 7662 6281 armten darauf den Kriegs⸗Miniſter und den Chef des
5755 6256 7664 6354 Großen Generalſtabes, General Grafen Moltke. Der König
5758 6324 7665 6413 von Württemberg beſuchte heute St. Cloud und den
5754 6385 7664 6490 Mont Valérien. In Gemeinſchaft des Kaiſers, des Kron⸗
5756 6458 7662 6556 prinzen, mehrerer Fürſten und Prinzen nahm der König von
5756 6524 7667 6617 Württemberg ein Diner in St. Germain ein, welches Prinz
5754 6591 7667 6690 Luitpold von Bayern veranſtaltet hatte. Den Abend wird der
5760 6657 7667 6753 König mit den Fürſten beim Kronprinzen im Hauptquartier
5766 6746 6540 6816 der III. Armee zubringen.
5883 6782 7668 6879 — Das heutige pariſer »Journal officiel«, von Paris
5760 6857 7672 6953 bringt einen Aufruf Picards, des Miniſters des Innern,
5768 6917 7673 7018 welcher der pariſer Bevölkerung den Abſchluß der Friedens⸗
7699 1278 9588 1359 präliminarien und die Verlängerung des Waffenſtillſtandes
7698 1346 9585 1424 mittheilt. Zugleich wird der Bevölkerung angezeigt, daß der
7701 1411 9583 1491 Einzug eines Theiles der deutſchen Truppen am 1. März, Vor⸗
7701 1480 9585 1559 mittags 10 Uhr, ſtattfinden werde. Der für die Okkupation
7702 1541 9588 1615 durch die deutſche Armee beſtimmte Stadttheil iſt das Quartier
7701 1612 9589 1688 des Champs Elyſées, das im Weſentlichen durch die Seine, die
7700 1678 9585 1756 Rue St. Honorée, die Rue Royale und die Place de la Con⸗
7702 1746 9584 1824 corde begrenzt wird. Der Aufruf Picards ſagt unter Anderem:
7705 1813 9587 1880 »Wir wenden uns an den Patriotismus der Bewohner von
7703 1879 9582 1956 Paris, indem wir ſie beſchwören, ruhig und einig zu bleiben.«
7702 1944 9588 2024 Mit dem Abſchluß der Präliminarien haben ſämmtliche Re⸗
7704 2014 8964 2092 quiſitionen und Kontributionen aufgehört.
7826 2161 9589 2234 — Der bekannte Jäger Bombonnet, welcher unter Gari⸗
7708 2229 9588 2312 baldi als Oberſt kommandirte, hat im »Salut public« einen
7706 2295 9593 2371 Bericht veröffentlicht, in welchem er Garibaldi's Unfähigkeit
7706 2364 9246 2437 nicht bemäntelt. Der Schluß dieſes Artikels lautet:
7829 2426 9591 2497 Gott gebe, daß wir Frieden erhalten! Niemand wünſcht ihn leb⸗
7709 2482 9590 2564 hafter, als ich, aber einen ehrenhaften Frieden. Wir ſind geſchlagen,
7707 2547 9589 2617 wir müſſen die Kriegskoſten bezahlen, das iſt vollkommen gerecht.
7708 2606 9592 2678 Aber Frankreich exiſtirt, die Franzoſen ſind nicht todt, und wenn
7709 2664 9593 2733 man uns einen ſchimpflichen Frieden auferlegen will, ſo möge der
7710 2724 9596 2796 Schrei: »Zu den Waffen« aus der Tiefe aller Herzen aufſteigen.
7708 2783 9594 2858 Fort mit den regulären Armeen, fort mit den großen rangirten
7713 2838 9595 2910 Schlachten! Preußen ſoll ſich nicht mehr ſeiner zahlreichen Artillerie
7711 2902 9595 2972 in wirkſamer Weiſe bedienen können! Laſſen wir den Feind unſere
7715 2962 9594 3027 Städte und Dörfer zerſtören, machen wir aber eine Wüſtenei um
7711 3020 9599 3091 ihn herum, indem wir Alles auf ſeinem Wege vernichten! Jeder⸗
7711 3079 9596 3152 mann vom 18. bis zum 60. Lebensjahr ſoll verpflichtet ſein, ein Pruſſien⸗
7713 3140 9596 3211 Ohr zu bringen unter der Strafe, für ſein ganzes Leben als Feigling
7716 3199 9598 3269 behandelt und mit Abgaben erdrückt zu werden, während die Tapfern
7714 3258 9601 3328 und Muthigen von dieſen Abgaben befreit werden. In jeder Terrain⸗
7715 3317 9597 3390 falte, hinter jedem Buſch verberge ſich ein Mann, ein Franzoſe, im
7715 3376 9599 3447 Anſtand und auf der Lauer gegen ſein Opfer! Alle Waffen ſind gut:
7718 3437 9599 3509 die Hacke, die Senſe, der Hammer, das Gift. Im Hinterhalt iſt das
7717 3496 9602 3566 glatte Gewehr, das Piſtongewehr am beſten; mit einer Ladung groben
7717 3555 9605 3625 Bleies habt ihr eine wahre Mitrailleuſe in den Händen, welche auf
7716 3615 9553 3686 30 Schritt den Tod gegen 10 Mann auf einmal ausſpeien kann ꝛc.
7854 3787 9605 3862 Braunſchweig, 25. Februar. In der Stadtverordneten⸗
7720 3854 9604 3932 Verſammlung am Donnerſtag Nachmittag wurde durch ein⸗
7720 3921 9608 4000 ſtimmigen Beſchluß des Magiſtrats und der Stadtverordneten
7723 3988 9610 4064 dem Höchſtkommandirenden des X. Armee⸗Corps, dem General
7723 4054 9609 4133 von Voigts⸗Rhetz, das Ehrenbürgerrecht der Stadt Braunſchweig
7723 4135 7993 4194 verliehen.
7861 4186 9608 4269 Heſſen. Darmſtadt, 27. Februar. (W. T. B.) Am
7725 4253 9610 4335 Schluß der heutigen Sitzung der Zweiten Kammer verlas
7727 4320 9611 4402 der Präſident Buff das Telegramm über die Friedensprälimi⸗
7727 4386 9614 4472 narien und brachte darauf ein Hoch auf den Deutſchen Kaiſer
7728 4453 9614 4526 und das Deutſche Reich aus, in welches die Verſammlung be⸗
7728 4528 8291 4604 geiſtert einſtimmte.
7853 4580 9618 4659 Baden. Karlsruhe, 24. Februar. Der Prinz Wilhelm
7730 4624 9612 4731 von Baden, bekanntlich am 18. Dezember v. J. vor Nuits
7730 4719 9625 4810 ſchwer verwundet und ſeit dem 24. Dezember in Karlsruhe ge⸗
7733 4786 9619 4868 pflegt, iſt nun ſo vollſtändig wiederhergeſtellt, daß derſelbe am
7734 4853 9621 4944 19. d. Mts. den erſten Ausgang unternehmen konnte und vor⸗
7732 4918 9622 4997 ausſichtlich in Bälde zur badiſchen Diviſion wird zurückkehren
7730 4997 7953 5065 können.
7870 5145 9490 5228 Aus dem Wolff'ſchen Telegraphen⸗Bureau.
7871 5223 9628 5313 Wien, Dienſtag, 28. Februar. Sämmtliche Blätter
7737 5291 9628 5380 ſprechen ſich im hohen Grade erfreut über den Abſchluß der
7738 5358 9627 5444 Friedenspräliminarien aus. — Geſtern fand hier eine zahlreich
7739 5424 9630 5513 beſuchte Volksverſammlung ſtatt, in welcher eine Reſolution
7743 5487 9629 5574 betreffs Einführung des allgemeinen Wahlrechtes einſtimmig
7744 5569 8362 5644 angenommen wurde.
7879 5624 9630 5711 London, Dienſtag 28. Februar. Dem Vernehmen nach
7747 5689 9634 5772 beabſichtigt die Regierung ſchon in den nächſten Tagen die auf
7747 5755 9631 5841 die Friedensverhandlungen bezüglichen Aktenſtücke dem Par⸗
7744 5837 8335 5904 lamente vorzulegen.
7886 5887 9637 5968 London, Dienſtag, 28. Februar, früh. Unterhaus. Har⸗
7753 5956 9634 6042 tington beantragte, es möge ein Unterſuchungsausſchuß wegen
7755 6023 9638 6110 geſetzwidriger Verbindungen der Pächter in Weſt⸗Meath einge⸗
7753 6088 9641 6181 ſetzt werden, welche die Grafſchaft terroriſirten. — Disraeli und
7755 6155 9641 6244 Hardy tadelten die von der Regierung in der iriſchen Frage be⸗
7756 6214 9645 6315 folgte Politik. Der Antrag des Ausſchuſſes ſolle nur das Fiasko
7758 6288 9657 6374 der Regierung in der iriſchen Frage verdecken; nur die Sus⸗
7755 6356 9649 6445 pendirung der Habeas⸗Korpus⸗Akte ſei angezeigt. Die Debatte
7757 6432 8870 6506 wurde ſchließlich auf morgen vertagt.
7758 6616 9647 6695 Die Organiſation der Kreiſe im Elſaß und in
8344 6689 9065 6758 Deutſch⸗Lothringen.
7885 6761 9650 6847 Nachdem durch Allerhöchſte Kabinets⸗Ordre vom 7. No⸗
7760 6822 9656 6912 vember v. J. genehmigt worden, daß der Kanton Schirmeck
7762 6891 9660 6982 und der zum Quellengebiet der Brüche gehörige Theil des Kan⸗
7652 6996 7783 7058 108*
1185 1326 1977 1389 6) Banknoten im Umlauf
1184 1389 1836 1455 7) Depoſitenkapitalien
1188 1457 2516 1527 8) Guthaben der Staatskaſſen, Inſtitute
1397 1525 2527 1592 und Privatperſonen mit Einſchluß des
1395 1589 1776 1648 Giroverkehrs
2554 1327 2716 1388 Thlr.
2620 1396 2647 1446 „
2623 1592 2647 1642 „
2745 1326 3084 1390 195,346,000
2782 1395 3086 1460 16,239,000
2814 1588 3085 1655 1,427,000
