10736 7536
3045 1176 3201 1253 950
1170 1281 3084 1350 Einvernehmen zwiſchen den Militärbehörden beider Länder
1168 1363 3084 1437 feſtgeſtellt wird, die Departements Calvados, Orne, Sarthe,
1169 1444 3084 1519 Eure et Loir, Loiret, Loir et Cher, Indre et Loire, Yonne
1168 1525 3084 1598 gänzlich und weiter die Departements Seine inferieure, Eure,
1168 1605 3083 1679 Seine et Oiſe, Seine et Marne, Aube, Cote d'or bis zum lin⸗
1166 1686 3082 1761 ken Ufer der Seine räumen. Die franzöſiſchen Truppen wer⸗
1165 1767 3080 1841 den ſich gleichzeitig hinter die Loire zurückziehen, die ſie vor
1164 1848 3078 1921 Unterzeichnung des definitiven Friedensvertrages nicht werden
1165 1929 3076 2005 überſchreiten dürfen. Ausgenommen von dieſer Beſtimmung
1165 2010 3074 2083 ſind die Garniſon von Paris, deren Stärke die Zahl von
1165 2090 3078 2164 40,000 Mann nicht überſchreiten darf, und die zur Sicherheit
1168 2172 2819 2241 der feſten Plätze unerläßlich erforderlichen Garniſonen.
1308 2253 3075 2324 Die Räumung der zwiſchen dem rechten Ufer der Seine
1160 2335 3074 2403 und der Oſtgrenze gelegenen Departements wird Seitens der
1163 2415 3073 2486 deutſchen Truppen ſchrittweiſe nach der Ratifikation des de⸗
1160 2496 3072 2568 finitiven Friedensvertrages und der Zahlung der erſten halben
1162 2578 3070 2651 Milliarde der Kontribution erfolgen, die im Artikel II. ſti⸗
1161 2658 1442 2724 pulirt iſt.
1300 2739 3069 2812 Die Räumung wird beginnen bei den Paris am nächſten
1158 2821 3067 2896 gelegenen Departements und wird, je nachdem die Zahlungen
1155 2901 3067 2974 der Kontribution bewirkt ſein werden, fortgeſetzt. Nach der
1156 2982 3065 3058 erſten Zahlung einer halben Milliarde wird die Räumung
1155 3064 3066 3135 folgender Departements ſtattfinden: Somme, Oiſe und der
1154 3143 3067 3217 Theile der Departements Seine inferieure, Seine et Oiſe, Seine
1153 3225 3065 3299 et Marne, die auf dem rechten Seine⸗Ufer gelegen ſind, ſowie
1153 3307 3062 3379 des Theiles des Departements Seine und der Forts auf dem
1151 3388 1709 3453 rechten Seine⸗Ufer.
1290 3470 3061 3542 Nach der Zahlung von zwei Milliarden wird die deutſche
1150 3550 3062 3623 Okkupation nur noch die Departements Marne, Ardennes,
1148 3630 3058 3708 Haute Marne, Meuſe, Vosges, Meurthe, ſowie die Feſtung
1149 3711 3060 3784 Belfort mit ihrem Gebiete umfaſſen, die als Pfand für die
1148 3791 3059 3866 rückſtändigen drei Milliarden dienen ſollen. Die Zahl der in
1148 3872 3058 3946 denſelben befindlichen deutſchen Truppen wird 50,000 Mann
1146 3953 1692 4021 nicht überſchreiten.
1289 4034 3058 4122 Es wird Sr. Majeſtät dem Kaiſer überlaſſen, an die Stelle
1145 4115 3059 4190 der Territorial⸗Garantie, welche in der theilweiſen Beſetzung
1142 4197 3059 4265 des franzöſiſchen Gebietes beſteht, eine finanzielle Garantie
1140 4277 3055 4352 treten zu laſſen, wenn dieſelbe durch die franzöſiſche Regierung
1140 4359 3053 4430 unter Bedingungen offerirt wird, welche von Sr. Majeſtät dem
1140 4440 3053 4509 Kaiſer und König als für die Intereſſen Deutſchlands aus⸗
1138 4520 3049 4593 reichend anerkannt werden. Für die drei Milliarden, deren
1137 4602 3050 4678 Zahlung verſchoben ſein wird, werden 5 pCt. Zinſen vom Tage
1138 4684 2977 4757 der Ratifikation der gegenwärtigen Vereinbarung ab gezahlt.
1904 4766 2289 4823 Artikel IV.
1278 4861 3046 4934 Die deutſchen Truppen werden ſich in den beſetzten Depar⸗
1133 4942 3047 5011 tements der Requiſitionen, ſei es in Geld, ſei es in Natu⸗
1132 5024 3045 5095 ralien, enthalten. Dagegen wird der Unterhalt der deutſchen
1133 5105 3046 5176 Truppen, welche in Frankreich zurückbleiben, auf Koſten der
1131 5182 3048 5264 franzöſiſchen Regierung erfolgen, und zwar nach Maßgabe,
1131 5267 3043 5336 wie ſie durch ein Einvernehmen mit der deutſchen Militair⸗
1130 5348 1960 5415 Intendantur vereinbart iſt.
1903 5430 2261 5486 Artikel V.
1276 5509 3040 5582 Die Intereſſen der Einwohner in dem von Frankreich ab⸗
1129 5591 3037 5664 getretenen Gebiete werden in Allem, was ihren Handel und
1127 5672 3037 5747 ihre Privatrechte angeht, ſo günſtig als möglich geregelt wer⸗
1134 5753 3036 5826 den, ſobald die Bedingungen des definitiven Friedens werden
1128 5832 3033 5910 feſtgeſtellt ſein. Zu dieſem Zwecke wird ein Zeitraum feſtge⸗
1126 5913 3033 5989 ſetzt werden, innerhalb deſſen dieſe Bewohner beſondere Erleich⸗
1125 5995 3030 6073 terungen bezüglich der Cirkulation ihrer Handelserzeugniſſe ge⸗
1124 6077 3028 6153 nießen ſollen. Die deutſche Regierung wird der ungehinderten
1120 6158 3030 6234 Auswanderung der Einwohner der abgetretenen Gebietstheile
1119 6238 3029 6316 nichts in den Weg ſtellen, auch wird dieſelbe den Einwohnern
1124 6319 3029 6397 gegenüber keine Maßregel ergreifen dürfen, welche Perſon oder
1119 6401 2014 6469 Eigenthum derſelben antaſtet.
1876 6478 2265 6551 Artikel VI.
1257 6564 3024 6641 Die Kriegsgefangenen, welche nicht bereits auf dem Wege
3178 1290 5083 1369 der Auswechſelung in Freiheit geſetzt worden ſind, werden un⸗
3175 1372 5084 1450 verzüglich nach der Ratifikation der vorliegenden Prälimina⸗
3173 1452 5084 1535 rien zurückgegeben werden. Um den Transport der franzö⸗
3172 1534 5084 1614 ſiſchen Gefangenen zu beſchleunigen, wird die franzöſiſche Re⸗
3174 1616 5081 1694 gierung zur Dispoſition der deutſchen Behörden einen Theil des
3173 1696 5078 1776 Fahrmaterials ihrer Eiſenbahnen im Innern Deutſchlands
3175 1777 5077 1864 ſtellen, und zwar in einer durch beſondere Verabredung feſtzu⸗
3172 1859 5074 1938 ſtellenden Ausdehnung, ſo wie zu denjenigen Preiſen, welche
3169 1939 5076 2018 in Frankreich von der franzöſiſchen Regierung für Militär⸗
3168 2022 3964 2090 transporte gezahlt werden.
3915 2107 4315 2165 Artikel VII.
3306 2184 5073 2265 Die Eröffnung der Verhandlungen, betreffend den defini⸗
3165 2265 5069 2347 tiven Frieden, welcher auf Grundlage der gegenwärtigen Prä⸗
3165 2346 5067 2426 liminarien abzuſchließen iſt, wird in Brüſſel unverzüglich nach
3165 2426 5067 2510 Ratifikation der letzteren durch die Nationalverſammlung und
3164 2506 4568 2578 Se. Majeſtät den Deutſchen Kaiſer ſtattfinden.
3902 2593 4331 2651 Artikel VIII.
3298 2667 5064 2755 Nach Abſchluß und Ratifikation des definitiven Friedens⸗
3163 2750 5065 2833 vertrages wird die Adminiſtration der Departements, welche
3161 2831 5062 2916 noch von deutſchen Truppen beſetzt bleiben ſollen, den franzö⸗
3159 2910 5063 2998 ſiſchen Behörden wieder übergeben werden. Doch ſollen dieſe
3157 2993 5061 3067 letzteren gehalten ſein, den Befehlen, welche die Kommandanten
3158 3075 5061 3153 der deutſchen Truppen im Intereſſe der Sicherheit, des Unter⸗
3157 3151 5060 3240 halts und der Vertheilung ihrer Truppen erlaſſen zu müſſen
3156 3236 3923 3304 glauben, Folge zu leiſten.
3292 3318 5059 3402 In den okkupirten Departements wird die Erhebung der
3154 3399 5058 3483 Steuern nach Ratifikation des gegenwärtigen Vertrages für
3152 3480 5057 3560 Rechnung der franzöſiſchen Regierung und mittelſt der Beam⸗
3153 3563 4031 3628 ten derſelben bewirkt werden.
3906 3647 4303 3703 Artikel IX.
3289 3738 5073 3824 Es iſt ausgemacht, daß die gegenwärtigen Vertragsbeſtim⸗
3151 3819 5054 3904 mungen der deutſchen Militärbehörde keinerlei Recht auf die
3151 3898 5048 3984 Theile des Gebietes, welches von Deutſchen gegenwärtig nicht be⸗
3149 3981 3805 4048 ſetzt iſt, geben können.
3922 4065 4287 4122 Artikel X.
3293 4140 5049 4221 Die gegenwärtigen Präliminarien werden der Ratifikation
3150 4221 5049 4305 Sr. Majeſtät des Deutſchen Kaiſers, ſowie der franzöſiſchen
3146 4301 5051 4388 National⸗Verſammlung, welche ihren Sitz in Bordeaux hat,
3146 4383 4140 4451 unverzüglich unterbreitet werden.
3807 4467 4385 4539 (Unterſchriften.)
3278 4545 4904 4624 Ausgefertigt zu Verſailles, den 26. Februar 1871.
3859 4629 4330 4699 Für Richtigkeit:
4424 4718 4691 4786 Blume,
4163 4794 4903 4871 Major im Generalſtabe.
3634 5042 4553 5124 Bekanntmachung.
3277 5112 5035 5194 Unter Bezugnahme auf den §. 17 des Bundesgeſetzes vom
3138 5178 5036 5264 21. Juli 1870, betreffend die Gründung öffentlicher Darlehns⸗
3137 5246 5037 5323 kaſſen und die Ausgabe von Darlehns⸗Kaſſenſcheinen im Be⸗
3136 5314 5034 5397 reiche des Norddeutſchen Bundes (Bundes⸗Geſetzblatt S. 499),
3136 5380 5032 5469 wird hierdurch bekannt gemacht, daß am 28. Februar d. Js.
3133 5447 5032 5529 27,402,840 Thlr. in ſolchen Darlehns⸗Kaſſenſcheinen in Umlauf
3135 5515 3517 5581 geweſen ſind.
3272 5582 4080 5652 Berlin, den 4. März 1871.
3744 5665 4420 5739 Der Finanz⸗Miniſter.
3848 5747 4318 5817 Camphauſen.
3264 5970 5026 6055 Brüſſel, 4. März. (W. T. B.) Es beſtätigt ſich, daß
3124 6038 5028 6119 die niederländiſche Regierung den Vorſchlag gemacht hat, bei
3125 6105 5027 6195 dem bevorſtehenden Friedensſchluſſe das Prinzip der Unverletz⸗
3123 6172 5021 6247 lichkeit von Privateigenthum zur See unter die Sanktion
3122 6239 5024 6330 ſämmtlicher europäiſchen Mächte zu ſtellen. Wenn dieſes Prinzip
3124 6307 5026 6387 von den beiden vertragsſchließenden Theilen ſanktionirt ſein
3121 6373 5023 6456 werde, ſo ſolle ſodann die Zuſtimmung der übrigen Mächte
3122 6441 5022 6528 erwirkt werden. Außerdem ſollen die Niederlande den Abſchluß
3120 6508 5022 6590 einer internationalen Konvention beantragt haben, durch welche
3119 6574 4752 6649 der Begriff Kriegskontrebande genau beſtimmt würde.
3376 6766 4500 6841 Redaction und Rendantur: Schwieger.
2984 6859 4888 6932 Berlin, Druck und Verlag der Königlichen Geheimen Ober⸗Hofbuchdruckerei
3740 6924 4123 6984 (R. v. Decker).
6534 1134 8568 1350 Königlich Preußiſcher
5638 1621 7086 2003 Staats-
8035 1561 9436 2010 Anzeiger.
5580 1218 6335 1280 Das Abonnement beträgt 1 Thlr.
5763 1293 6151 1344 für das Vierteljahr.
5585 1346 6338 1413 Inſertionspreis für den Raum einer
5766 1422 6168 1474 Druckzeile 2 ½ Sgr.
8750 1123 9489 1189 Alle Poſt-Anſtalten des In⸗ und
8747 1181 9491 1228 Auslandes nehmen Beſtellung an,
8753 1216 9496 1278 für Berlin die Expedition des Königl.
8752 1261 9357 1324 Preußiſchen Staats-Anzeigers:
8878 1319 9370 1372 Zieten⸗Platz Nr. 3.
5570 2349 6023 2500 No 66.
6676 2270 8519 2474 Berlin, Sonntag den 5. Maͤrz, Abends.
9247 2281 9509 2374 1871.
5615 2615 7519 2731 Verordnung, betreffend die Aufhebung der Ausfuhr⸗ und
6295 2704 6861 2777 Durchfuhr⸗Verbote.
6226 2767 6923 2842 Vom 4. März 1871.
5760 2815 7527 2926 Wir Wilhelm, von Gottes Gnaden Deutſcher Kaiſer,
5896 2917 6628 2994 König von Preußen ꝛc.,
5620 2951 7528 3063 verordnen im Namen des Deutſchen Reichs, nach erfolgter
5624 3037 6955 3144 Zuſtimmung des Bundesrathes, was folgt:
5763 3093 7529 3202 Einziger Artikel. Die durch die Verordnungen vom
5630 3145 7529 3272 16. Juli 1870 (B. G. Bl. S. 483), 8. Auguſt 1870 (B. G. Bl.
5625 3216 7530 3343 S. 509) und 25. Auguſt 1870 (B. G. Bl. S. 511) angeord⸗
5627 3281 7533 3398 neten Verbote der Ausfuhr und Durchfuhr treten, ſoweit ſie
5628 3350 7531 3472 noch in Wirkſamkeit ſind, mit dem Tage der Verkündung dieſer
5628 3455 6406 3534 Verordnung außer Kraft.
5770 3477 7537 3597 Urkundlich unter Unſerer Höchſteigenhändigen Unterſchrift
5632 3573 6827 3670 und beigedrucktem Kaiſerlichen Inſiegel.
5767 3620 7411 3744 Gegeben Hauptquartier Verſailles, den 4. März 1871.
6192 3695 7176 3801 (L. S.) Wilhelm.
6376 3752 7477 3845 Gr. v. Bismarck⸗Schönhauſen.
6307 3909 6891 3980 Berlin, 5. März.
5765 3967 7563 4073 Entre les Soussignés, munis des pleins-pouvoirs de l'Em-
5637 4045 7553 4167 pire d'Allemagne et de la République française, la Conven-
5642 4149 6507 4226 tion suivante a été conclue:
6444 4211 6767 4268 Article I.
5774 4258 7560 4368 Afin de faciliter la ratification des préliminaires de paix
5651 4333 7561 4447 conclus aujourd'hui entre les Soussignés, l'armistice stipulé
5649 4406 7563 4533 par les conventions du 28 Janvier et du 15 Février dernier est
5650 4505 6776 4604 prolongé jusqu'au 12 Mars prochain.
6441 4570 6797 4643 Article II.
5780 4627 7566 4741 La prolongation de l'armistice ne s'appliquera pas à l'ar-
5656 4702 7569 4813 ticle IV de la convention du 28 Janvier, qui sera remplacé
5660 4774 7574 4902 par la stipulation suivante sur laquelle les Soussignés sont
5662 4891 6176 4961 tombés d'accord:
5789 4918 7577 5036 La partie de la ville de Paris à l'interieur de l'enceinte,
5669 4996 7579 5117 comprise entre la Seine, la rue du Faubourg St. Honoré et
5667 5069 7577 5183 l'avenue des Ternes, sera occupée par des troupes allemandes
5674 5141 7581 5257 dont le nombre ne dépassera pas trente mille hommes. Le
5671 5217 7580 5331 mode d'occupation et les dispositions pour le logement des
5674 5293 7583 5409 troupes allemandes dans cette partie de la ville seront reglées
5674 5366 7587 5489 par une entente entre deux officiers supérieurs des deux
5677 5438 7590 5554 armées, et l'accès en sera interdit aux troupes françaises et
5681 5516 7591 5629 aux gardes nationales armées pendant la durée de l'occu-
5680 5647 5886 5712 pation.
6459 5671 6839 5751 Article III.
5809 5736 7598 5842 Les troupes allemandes s'abstiendront à l'avenir de pré-
5691 5810 7596 5922 lever des contributions en argent dans les territoires occupés.
5690 5881 7604 5997 Les contributions de cette catégorie, dont le montant ne serait
5692 5953 7606 6083 pas encore payé, seront annullées de plein droit; celles qui
5688 6031 7608 6145 seraient versées ultérieurement par suite d'ignorance de la
5693 6107 7611 6230 présente stipulation, devront être remboursées. Par contre,
5694 6177 7608 6290 les autorités allemandes continueront à prélever les impôts de
5700 6277 6765 6363 l'Etat dans les territoires occupés.
6472 6341 6848 6410 Article IV.
5828 6399 7619 6505 Les deux parties contractantes conserveront le droit de
5707 6485 7622 6587 dénoncer l'armistice à partir du 3 Mars selon leur convenance
5713 6542 7622 6661 et avec un délai de trois jours pour la reprise des hostilités
5713 6665 6199 6742 s'il y avait lieu.
5834 6703 7356 6803 Fait et approuvé à Versailles, le 26 Février 1871.
6037 6780 7309 6875 v. Bismarck. Thiers. Jules Favre.
8230 2573 8929 2644 Konvention,
7719 2630 9418 2737 betreffend die Okkupation eines Theils von Paris durch
8219 2713 8913 2782 die deutſchen Truppen,
7842 2762 9452 2871 abgeſchloſſen zu Verſailles am 26. Februar 1871.
8506 2850 8640 2918 §. 1.
7759 2893 9525 2993 Die deutſchen Truppen werden von Mittwoch, 1. März
7624 2965 9525 3072 d. J., 10 Uhr Vormittags, ab den Theil von Paris auf dem
7622 3024 9528 3131 rechten Ufer der Seine beſetzen, welcher durch dieſen Fluß, die En⸗
7623 3095 9528 3198 ceinte vom Point du jour bis zum Thor des Ternes, durch die Straße
7625 3161 9528 3272 des Faubourg St. Honoré bis zur Straße des Champs Elyſées,
7626 3230 9529 3335 durch das Garde Meuble, das Marine⸗Miniſterium und den
7625 3297 9530 3398 Garten der Tuileries begrenzt wird. Die in dieſem Terrain
7627 3363 9533 3462 an der Seine belegenen franzöſiſchen Militärmagazine, ſowie
7630 3428 9534 3531 die über den Pont d'Alma und Pont de Jéna dorthin füh⸗
7628 3497 9538 3604 renden Straßen ſind von der Okkupation durch die deutſchen
7632 3596 8337 3671 Truppen ausgeſchloſſen.
8527 3649 8660 3718 §. 2.
7776 3698 9541 3793 Das Ueberſchreiten der vorerwähnten Grenzlinien iſt den
7643 3766 9544 3871 bewaffneten Mannſchaften beider Theile ausdrücklich und ſtrenge
7644 3831 9544 3938 unterſagt. Dagegen wird der Verkehr für alle nicht den Trup⸗
7645 3897 9412 4009 pen angehörige und nicht bewaffnete Perſonen freigegeben.
8537 3984 8671 4054 §. 3.
7786 4028 9553 4128 Den deutſchen Truppen wird jede Erleichterung gewährt
7650 4094 9552 4204 werden, um außerhalb ihres Okkupationsrayons die Galerieen
7651 4158 9547 4265 des Louvre und das Hôtel des Invalides zu beſuchen. Die
7651 4233 9553 4333 Details derartiger Beſuche werden im gegenſeitigen Einver⸗
7658 4292 9558 4410 ſtändniß zwiſchen den deutſchen und franzöſiſchen Militärbehör⸗
7656 4360 9558 4474 den feſtgeſtellt werden. Jedenfalls erſcheinen die Mannſchaften
7655 4437 9556 4543 hierbei ohne Feuergewehre und nur unter der Führung von
7654 4539 7954 4608 Offizieren.
8545 4586 8680 4655 §. 4.
7800 4628 9562 4731 Die deutſchen Truppen werden theils in öffentlichen Ge⸗
7665 4700 9562 4806 bäuden, theils bei den Bürgern einquartiert werden. Eine ge⸗
7666 4762 9579 4875 miſchte Kommiſſion, beſtehend aus Delegirten der Munizipali⸗
7667 4828 9569 4937 tät und einem oder mehreren deutſchen Generalſtabs⸗Offizieren,
7668 4899 9569 5006 wird Dienſtag, den 28. d. Mts., um 2 Uhr Nachmittags an
7658 4966 9573 5073 der Brücke von Sèvres zuſammentreten, um die Details der
7662 5060 8608 5156 Einquartierung zu verabreden.
8557 5120 8690 5191 §. 5.
7814 5165 9579 5275 Die Verpflegung der in Paris einquartierten Mannſchaften
7655 5253 8878 5354 iſt Sache der deutſchen Militärbehörden.
8348 5314 8918 5397 (Ohne Unterſchrift.)
8568 5377 9041 5455 Für Richtigkeit:
8943 5445 9226 5508 Blume,
8717 5504 9453 5582 Major im Generalſtabe.
7821 5763 9599 5884 Oeſterreich⸗Ungarn. Wien, 4. März. (W. T. B.)
7680 5831 9599 5946 Die morgen erſcheinende »Wiener Zeitung« veröffentlicht in
7694 5900 9599 6016 ihrem amtlichen Theile eine Kaiſerliche Entſchließung, durch
7697 5969 9614 6076 welche das 34. Linien⸗Infanterie⸗Regiment die Bezeichnung
7702 6031 9601 6145 »Wilhelm I., Deutſcher Kaiſer und König von Preußen, Nr. 34«
7700 6103 9607 6205 und das 20. Linien⸗Infanterie⸗Regiment die Bezeichnung
7704 6167 9609 6289 »Friedrich Wilhelm, Kronprinz des Deutſchen Reichs und Kron⸗
7703 6248 9184 6353 prinz von Preußen, Nr. 20«, zu erhalten haben.
7848 6343 9618 6448 Großbritannien und Irland. London, 4. März.
7716 6414 9621 6533 »Reuter's Bureau meldet: Die von mehreren londoner Blättern
7716 6477 9621 6590 veröffentlichten Telegramme, welchen zufolge die nur theilweiſe
7713 6544 9623 6664 Beſetzung von Paris das Reſultat der Intervention Englands
7717 6613 9621 6736 geweſen ſein ſoll, ſind unbegründet. England habe einzig und
7719 6680 9619 6786 allein auf die Frage der Geldentſchädigung Einfluß auszuüben
7723 6792 7963 6859 verſucht.
7608 6880 7705 6938 119
