10344 7040
705 428 2095 506 deſſelben nachweiſt. Zu dieſem Zweck werden in das Hausbuch alle
701 475 2093 558 Fälle eingetragen, wo Jemand auf dem Grundſtück a. zu⸗ oder abzieht,
697 533 2096 612 b. geboren wird, c. ſtirbt. Für die Führung des Hausbuchs hat der
696 585 2096 665 Hauseigenthümer Sorge zu tragen. Derſelbe iſt berechtigt, einem
696 631 2098 714 Miether die Führung des Hausbuchs zu übertragen. Die weiteren
708 688 2099 771 §§. 4 — 9 enthalten die Beſtimmungen über Meldungen in Be⸗
704 741 2099 818 zug auf Wohnungsveränderungen; §§. 10 — 11 beſondere Vor⸗
704 791 2100 870 ſchriften in Bezug auf die von auswärts neuanziehenden und
699 847 2102 913 die aus Berlin verziehenden Perſonen; §§. 12 — 18 Meldungen
699 896 2100 970 in Bezug auf Reiſende; §§. 19 — 23 Meldungen in Bezug auf
706 947 2102 1022 Schiffer und ſolche Perſonen, welche auf Schiffsgefäßen und
702 1000 2104 1077 Flößen ſich aufhalten; §. 24 ſoll die Vollſtändigkeit und Rich⸗
707 1052 2102 1129 tigkeit, ſowie die rechtzeitige Erſtattung der Meldungen bez.
709 1104 2104 1176 der Eintragung in die Hausbücher und Fremdenbücher ſichern.
712 1157 2106 1234 §. 25 enthält die Strafbeſtimmungen und lautet: Sofern
707 1207 2107 1283 nicht nach allgemeinen Strafgeſetzen höhere Strafen verwirkt
709 1259 2107 1330 werden, unterliegen Zuwiderhandlungen gegen die vorſtehenden
712 1311 2109 1385 Beſtimmungen einer Geldſtrafe bis zu 30 ℳ Auf Geldſtrafe
711 1362 2105 1435 nicht unter 5 ℳ iſt zu erkennen, wenn die Meldung (§§. 6,14,
712 1416 2109 1488 21) oder Anzeige behufs der Meldung (§. 24) länger als
708 1469 2110 1543 zwei Tage über die vorgeſchriebenen Friſten hinaus ver⸗
713 1517 2112 1592 abſäumt wird, Geldſtrafe nicht unter 20 ℳ trifft
711 1569 2110 1645 Denjenigen, welcher in der Meldung, der Anzeige
717 1623 2114 1696 behufs der Meldung beziehungsweiſe der Eintragung in
715 1673 2114 1747 das Haus⸗ oder Fremdenbuch wiſſentlich falſche Angaben über
722 1727 2112 1794 den Verbleib einer Perſon gemacht hat. Wer ungeachtet ſeiner Ver⸗
718 1776 2114 1852 pflichtung (§§. 1, 17) es unterläßt, ein Haus oder Fremdenbuch
719 1829 2114 1903 zu führen, hat eine Geldſtrafe von mindeſtens 15 ℳ verwirkt.
716 1881 2117 1950 Im Unvermögensfalle tritt überall an Stelle der Geldſtrafen
717 1933 2115 2008 verhältnißmäßige Haftſtrafe. §. 26 hebt die älteren Verordnun⸗
720 1985 2119 2058 gen über das Meldeweſen auf und beſtimmt, daß die vorſtehende
720 2040 1920 2107 Verordnung mit dem 15. Oktober d. J. in Kraft tritt.
822 2111 2120 2177 — Der Buchdrucker iſt nach einem Erkenntniß des
724 2159 2120 2232 Ober⸗Tribunals⸗Senats für Strafſachen, vom 27. Juni d. J.,
724 2216 2123 2285 nur für die Angabe ſeines eigenen Namens (Firma) auf der
725 2267 2123 2338 Druckſchrift haftbar, dagegen hat er für die Nichtnennung des
726 2314 2122 2386 Namens des Verfaſſers oder Herausgebers der Druckſchrift, falls
728 2371 2124 2443 er zur Bezeichnung dieſer Namen nicht beauftragt iſt, nicht ein⸗
727 2444 905 2497 zuſtehen.
830 2497 2126 2565 — Der Königlich preußiſche Geſandte in München, Wirk⸗
728 2549 2126 2622 liche Geheime Rath Freiherr von Werthern, hat am 23. d. M.
732 2600 2128 2673 einen ihm Allerhöchſt bewilligten längeren Urlaub nach Thü⸗
730 2655 2130 2726 ringen angetreten. Während ſeiner Abweſenheit fungirt der
730 2705 2131 2778 Legations⸗Sekretär Graf A. von Dönhoff als interimiſtiſcher
730 2771 1061 2834 Geſchäftsträger.
838 2831 2131 2905 — Dem Paſtor Neureuter in Marpingen iſt wegen ſeines
731 2882 2133 2955 Verhaltens bei den durch die angebliche „Muttergotteserſcheinung“
735 2935 2135 3007 bei Marpingen veranlaßten Volksaufläufen Seitens der König⸗
734 2983 2136 3059 lichen Regierung in Trier das Amt als Lokal⸗Schulinſpektor
734 3058 1100 3112 entzogen worden.
839 3115 2136 3180 — S. M. Kbt. „Comet“ iſt, telegraphiſcher Nachricht zu⸗
736 3166 2137 3238 folge, am 21. Juli cr. von Salonichi in See gegangen und am
736 3227 1673 3284 24. Juli cr. in Konſtantinopel eingetroffen.
843 3271 2138 3337 S. M. S. „Meduſa“ hat, derſelben Nachricht zufolge,
744 3326 2139 3388 am 21. d. M. Salonichi verlaſſen und iſt nach Malta gegangen.
850 3374 2142 3443 S. M. S. „Victoria“ iſt am 23. Juni cr. von St. Thomas
740 3425 2144 3497 nach der Rhede von Frederichſted auf St. Croix, Behufs Ab⸗
743 3476 2144 3552 haltung von Schießübungen, in See gegangen, kehrte am 28.
743 3529 2147 3606 nach St. Thomas zurück und beabſichtigte demnächſt nach Cu⸗
738 3579 2145 3656 raçao zu gehen, um daſelbſt die auf der Rhede von Frederichſted
745 3632 2146 3711 begonnenen Schießübungen fortzuſetzen. An Bord Alles wohl.
849 3708 2153 3780 Bayern. München, 24. Juli. Auf der Tagesordnung
747 3759 2148 3834 der heutigen Sitzung der Abgeordnetenkammer ſtand die
748 3811 2148 3888 Berathung des Etats der Forſt⸗Lehranſtalt Aſchaffen⸗
749 3865 2150 3940 burg. Die Regierung hatte urſprünglich etwa 200,000 ℳ zur
750 3916 2151 3990 Reorganiſation genannter Anſtalt poſtulirt, das Poſtulat aber
752 3966 2153 4044 zurückgenommen und dafür für ein Jahr der 13. Finanzperiode
752 4014 2153 4087 ein Ordinarium von 69,741 ℳ eingeſetzt. Die Ausſchußmehr⸗
751 4071 2152 4149 heit beantragt, nur das urſprüngliche Poſtulat zu bewilligen.
750 4121 2156 4198 Die Abgg. Kurz, Herz und Hauck beantragen, die Schule in
751 4174 2156 4252 Aſchaffenburg zu belaſſen und hiefür die Anfangs von der
756 4225 2158 4301 Regierung verlangte Summe zur Verfügung zu ſtellen. Der
754 4278 2160 4354 Miniſter v. Berr ſprach gegen den Ausſchußantrag, vindizirte
756 4330 2160 4400 der Krone allein das Recht der Organiſation und ſtellte
759 4381 2160 4452 die Verbindung der Forſt⸗Lehranſtalt mit der Univerſität
759 4435 2162 4510 München als das zweckmäßigſte in Ausſicht. Gegen den Antrag
761 4486 2161 4562 Kurz und jenen der Ausſchußmehrheit ſprachen entſchieden die
761 4537 2161 4615 Abgg. Frankenburger, als Vertreter der Ausſchußminderheit, und
763 4589 2161 4665 Völk. Herz trat warm für die Aſchaffenburger Forſtſchule ein;
765 4642 2162 4716 die Sache ſolle nicht auf weitere zwei Jahre verſchleppt werden.
764 4701 2163 4771 Schließlich wurde der Antrag Kurz⸗Hauck⸗Herz angenommen.
762 4745 2165 4821 Dafür ſtimmten die Rechte und die Abgg. Herz, Lampert und
763 4798 2168 4876 Holzwarth. Morgen findet die Berathung des außerordentlichen
763 4870 1227 4920 Militäretats ſtatt.
869 4900 2170 4972 Nürnberg, 24. Juli. In Regensburg findet in den
767 4957 2169 5030 nächſten Tagen die Neuwahl zum Landtage und zwar am
768 5005 2170 5078 Donnerſtag die Wahl der Wahlmänner und am Sonnabend die
769 5076 1276 5133 Abgeordnetenwahl ſtatt.
880 5132 2175 5200 Württemberg. Stuttgart, 24. Juli. Im Laufe der
771 5185 2176 5258 vergangenen Woche iſt, wie der „St. A. f. W.“ erfährt, der
776 5233 2177 5307 Entwurf eines Geſetzes über die Verwaltungsrechtspflege
776 5289 2179 5358 bei dem ſtändiſchen Ausſchuß eingebracht worden, und hat am
778 5335 2179 5406 21. d. M. ein Zuſammentritt der verſtärkten ſtaatsrechtlichen
777 5391 2179 5463 Kommiſſion ſtattgefunden, wobei der Berichterſtatter und Mit⸗
776 5445 1881 5518 berichterſtatter über den Entwurf gewählt wurden.
884 5518 2182 5584 Baden. Karlsruhe, 24. Juli. In dem den ſo
780 5570 2185 5647 erheblichen Hochwaſſerſchaden dieſes Jahres betreffenden
782 5625 2186 5695 Vortrag der Ober⸗Direktion des Waſſer⸗ und Straßenbaues an
784 5678 2185 5749 das Handels⸗Miniſterium (derſelbe hat auch den Kammern vor⸗
783 5726 2184 5803 gelegen) wird darauf hingewieſen, daß die Erſcheinung der Zu⸗
782 5777 2187 5853 nahme der Hochgewäſſer faſt an allen Strömen Europas wahr⸗
787 5828 2187 5906 genommen worden und daß die Urſachen zunächſt in dem Zurück⸗
786 5881 2188 5955 drängen der Waldungen und dem Hinaufrücken der Feld⸗ und
787 5934 2193 6007 Wieſenkultur gegen die Quellgebiete der Flüſſe, ſo wie in den
790 5991 1829 6052 Korrektionen der Seitengewäſſer zu ſuchen ſeien.
897 6134 2198 6205 Oeſterreich⸗Ungarn. Wien, 24. Juli. Der Kaiſer
794 6187 2197 6259 iſt heute Morgen von Laxenburg über Himberg mittelſt Separat⸗
787 6237 2199 6315 Hofzuges in Wilfleinsdorf angekommen. Se. Majeſtät begab
791 6291 2200 6365 ſich mit Gefolge ſofort auf das nahe gelegene Manövrirfeld zur
792 6337 2210 6415 Inſpizirung der Infanterie⸗Diviſion FML. Baron Bienerth. —
791 6392 2204 6463 Der Erzherzog Albrecht iſt heute Abend in Bruck an der Leitha
801 6467 1049 6517 eingetroffen.
896 6498 2206 6563 — Wie man der „Preſſe“ aus Agram ſchreibt, hat der Banus
802 6547 2207 6615 in der am Donnerſtag ſtattgehabten Landtagsſitzung erklärt, daß in
804 6600 2209 6673 Folge einer neuen Vereinbarung außer den bisherigen Suſten⸗
2170 402 3571 473 tationsbeiträgen von zehn und fünf Kreuzer, welche die Er⸗
2170 458 3573 526 werbsunfähigen, die Frauen, Greiſe und Kinder unter den bos⸗
2171 507 3574 580 niſchen Flüchtlingen per Kopf und Tag beziehen, weitere
2175 559 3571 630 1 ½ Kreuzer als „Herbergegeld“ per Kopf und Tag gezahlt werden.
2173 610 3572 682 Die Unterſtützung, welche aus öffentlichen Mitteln geleiſtet wird,
2173 662 3574 737 hat ſomit eine neue und nicht unbeträchtliche Erhöhung erfahren.
2270 713 3575 787 — Daſſelbe Blatt ſagt: Einiges Aufſehen hat heute ein Tele⸗
2177 759 3575 840 gramm der „Augsburger Allgemeinen Zeitung“ gemacht, nach
2178 816 3576 887 welchem ſämmtliche böhmiſche Bezirkshauptmannſchaften die
2178 867 3577 938 Gemeindevorſtände zu einer vertraulichen Beſprechung behufs
2178 915 3579 994 Ertheilung von Inſtruktionen für eine eventuelle Mobil⸗
2179 971 3581 1045 machung eingeladen hätten. Bei einer allgemeinen Mobil⸗
2181 1023 3581 1098 machung ſolle jeder Einberufene binnen 24 Stunden, bei einer
2181 1075 3579 1146 nur theilweiſen binnen vier Tagen an Ort und Stelle befördert
2183 1126 3583 1196 werden. Die Nachricht gehört offenbar in die nämliche
2181 1180 3580 1253 Kategorie, wie die vor einigen Tagen von Graz aus verbreitete,
2183 1230 3584 1304 nach welcher die Landwehr⸗Aerzte Inſtruktionen für den Fall der
2184 1285 3586 1356 Mobiliſirung erhalten hätten, und trägt wie die letztere, da nur
2183 1328 3584 1406 von den böhmiſchen Bezirkshauptmannſchaften die Rede iſt,
2185 1385 3580 1459 den Charakter einer lokalen und keineswegs außerordentlichen,
2187 1434 3586 1517 ſondern im gewöhnlichen Geſchäftsgange begründeten Verfügung.
2188 1489 3588 1563 Ein hieſiges Abendblatt bemerkt auch dazu: „Es handelt ſich da
2187 1536 3589 1617 offenbar um eine adminiſtrative Maßregel gewöhnlicher Art,
2187 1591 3589 1666 welcher in dieſem Augenblicke voll politiſcher Spannung eine
2187 1643 3584 1720 mehr als gewöhnliche Bedeutung unverdienterweiſe beigelegt wird.“
2281 1698 3590 1772 Peſt, 24. Juli. Wie „Ellenör“ berichtet, wird im unga⸗
2189 1747 3590 1823 riſchen Landesvertheidigungs⸗Miniſterium an dem Militär⸗
2192 1798 3594 1874 Bequartierungsgeſetz fleißig gearbeitet, und hofft man mit
2192 1860 3265 1927 demſelben ſchon in nächſter Zeit fertig zu werden.
2293 1904 3595 1976 Agram, 24. Juli. In der heutigen Landtagsſitzung
2192 1957 3594 2030 interpellirte Popovic den Banus, er möge den Flüchtlingen aus
2195 2008 3595 2079 Bosnien freie Heimkehr erwirken. Makanec forderte den Banus
2195 2058 3597 2134 auf, er möge die Erlaubniß zur Abhaltung einer Lotterie zu
2195 2109 3597 2185 Gunſten der Flüchtlinge erwirken und denſelben bei öffentlichen
2198 2176 2900 2230 Bauten Verwendung verſchaffen.
2298 2239 3600 2310 Belgien. Brüſſel, 25. Juli. (W. T. B.) Der Kaiſer
2199 2292 3600 2361 und die Kaiſerin von Braſilien ſind geſtern hier einge⸗
2198 2342 3601 2417 troffen. Heute empfing der Kaiſer den hieſigen deutſchen Ge⸗
2199 2395 3603 2467 ſandten. Morgen werden der Kaiſer und die Kaiſerin ſich von
2200 2447 3603 2519 hier nach Gaſtein begeben, und auf der Reiſe dorthin in Bonn
2200 2517 2617 2572 Aufenthalt nehmen.
2305 2571 3605 2641 Großbritannien und Irland. London, 24. Juli.
2203 2624 3607 2695 Die Zeitungen beurtheilen die durch das Blaubuch über die
2207 2677 3608 2749 orientaliſche Frage klargelegte Politik der engliſchen Regierung
2204 2728 3608 2802 durchweg günſtig, günſtiger, als man nach den jüngſten Angriffen
2206 2786 3369 2856 auf die Haltung der Regierung hätte erwarten ſollen.
2300 2843 3611 2916 — Hr. Goſchen iſt Behufs der Intereſſen ägpptiſcher
2208 2897 3608 2967 Bondsbeſitzer zwei Tage in Paris geweſen und kommt heute
2207 2965 2638 3023 nach London zurück.
2308 3006 3611 3076 — Nach der „Army⸗ and Navy⸗Gazette“ wird beabſichtigt,
2209 3058 3609 3129 die Dienſtzeit der Linien⸗Regimenter in Indien beträcht⸗
2210 3110 3612 3184 lich zu kürzen. Jedes Regiment ſoll vom Hauſe 5 oder 6 Jahre,
2209 3161 3616 3238 ſtatt, wie bisher, 12 Jahre, abweſend ſein. Der Vorſchlag, die
2212 3216 3609 3288 europäiſchen Truppen in Indien zu lokaliſiren, iſt auf das ent⸗
2213 3281 2848 3341 ſchiedenſte verurtheilt worden.
2310 3321 3615 3384 — 25. Juli. (W. T. B.) In der dem Parlamente vor⸗
2216 3368 3618 3443 gelegten diplomatiſchen⸗Korreſpondenz werden bezüglich
2217 3422 3622 3488 des Konſulnmordes in Salonichi nur die ſchon bekannten
2217 3471 3620 3544 Thatſachen mitgetheilt. Der engliſche Botſchafter, Lord Elliot,
2219 3523 3625 3599 zeigt in einer Depeſche vom 9. Mai an, daß die Muſelmänner
2219 3575 3626 3648 in Konſtantinopel Waffen kaufen. Elliot und noch mehrere an⸗
2220 3627 3626 3698 dere Geſandte in Konſtantinopel verlangen die Abſendung
2219 3679 3626 3750 von Kriegsſchiffen nach der Beſika⸗Bay. Der Staats⸗
2220 3728 3624 3797 Sekretär des Auswärtigen erklärt auf eine Anfrage des Sekretärs
2220 3775 3626 3850 der Admiralität, er habe den Befehlshabern der Kriegsſchiffe
2222 3845 3034 3908 keine Spezial⸗Inſtruktion zu ertheilen.
2320 3884 3627 3956 — Der „Engl. Corr.“ entnehmen wir folgenden weiteren
2223 3935 3626 4012 Auszug aus dem Blaubuche über die orientaliſchen
2224 4009 2680 4065 Angelegenheiten:
2315 4039 3629 4104 Ueber die Gründe, welche Lord Derby ſpäter zur Ablehnung der
2225 4086 3629 4151 Berliner Denkſchrift veranlaßten, ſpricht ſich derſelbe bereits
2226 4130 3629 4201 in zwei Depeſchen vom 15. Mai aus, deren erſtere an Lord O.
2226 4178 3629 4250 Ruſſell gerichtet, über eine Unterredung mit dem deutſchen Botſchafter,
2227 4219 3632 4296 die zweite an Lord A. Loftus (in St. Petersburg) über eine ſolche
2228 4269 3632 4338 mit dem ruſſiſchen Grafen Schouwaloff Mittheilung macht. — Daſ⸗
2233 4316 3633 4387 ſelbe Thema behandeln dann zwei Depeſchen an Lord O. Ruſſell vom
2236 4361 3633 4433 19. Mai. In ihnen ſpricht Lord Derby bereits entſchieden ſein Be⸗
2231 4409 3634 4480 dauern aus, nicht an der von den drei Regierungen eingeſchlagenen
2231 4454 3635 4527 Politik ſich betheiligen zu können und fügt den bekannten ſachlichen
2232 4501 3636 4571 Gründen in der zweiten Depeſche auch noch einen weſentlich for⸗
2233 4563 2929 4617 mellen hinzu in folgenden Worten:
2329 4592 3636 4664 „Die engliſche Regierung legt wenig Werth auf Formen in An⸗
2238 4639 3638 4713 gelegenheiten dieſer Art, und würde gern die gegenwärtigen Vorſchläge
2235 4684 3639 4757 angenommen haben, wenn ſie ihr einen ausführbaren Plan zur Be⸗
2235 4731 3641 4804 ruhigung der aufſtändiſchen Landestheile zu gewähren ſchiene; ſie kann
2238 4780 3639 4847 aber nicht, zu Liebe eines äußerlichen Anſcheins der Uebereinſtimmung,
2243 4820 3642 4891 ein Schema annehmen, bei deſſen Vorbereitung ſie nicht zu Rathe ge⸗
2238 4871 3641 4945 zogen worden iſt, und welches, wie ſie glaubt, nicht dazu geeignet iſt,
2238 4915 3641 4986 die Wirkung, welche, wie man ihr mittheilte, erzielt werden ſoll, her⸗
2239 4987 2529 5036 vorzubringen.“
2333 5006 3645 5079 In einem Berichte vom 20. Mai giebt darauf Lord Ruſſell die
2243 5052 3645 5121 von dem Fürſten Bismarck ausgeſprochene Hoffnung wieder, daß die
2244 5095 3653 5174 engliſche Regierung ſich nicht dazu verſtehen werde, die türkiſche Re⸗
2245 5147 3648 5220 gierung zum Widerſtande gegen die vereinten Anſtrengungen der
2245 5198 3208 5266 Mächte auf baldige Pacification zu ermuthigen.
2340 5239 3649 5316 Am 24. Mai ſchreibt Lord Derby an den Botſchafter Elliot, er
2246 5283 3651 5358 habe dem türkiſchen Geſandten gerathen, die Pforte möge, bevor ſie
2248 5332 3649 5400 eine entſcheidende Antwort gebe, die einzelnen Artikel des Memoran⸗
2248 5376 3654 5446 dums erwägen. Er habe keine Veranlaſſung anzunehmen, daß die
2249 5430 3116 5496 Vorſchläge überall geändert werden dürften.
2344 5465 3655 5534 Am 12. Mai berichtet Sir H. Elliot über die Softas und
2251 5505 3656 5589 ſpricht die Vermuthung aus, daß ſie unter fähigen Führern, einmal
2252 5559 3656 5630 im Bewußtſein ihrer Macht, auch noch mehr als den Sturz des
2254 5603 3656 5680 Großveziers verlangen könnten. Am 30. Mai kann er dann die Be⸗
2257 5650 3658 5726 ſtätigung ſeiner Anſicht durch die Nachricht von der Abſetzung des
2256 5720 2691 5768 Sultans beibringen.
2351 5740 3660 5816 Zu gleicher Zeit liegen aus Serbien durch den General⸗Konſul
2257 5802 3333 5865 White Nachrichten über weitere Kriegsrüſtungen vor.
2353 5834 3662 5905 An Sir H. Elliot ſchreibt Lord Derby am 6. Juni, daß er
2261 5885 3662 5958 deſſen Vorſtellungen bei der Pforte wegen der Anwendung von
2261 5926 3663 6001 Baſchi⸗Bozuks billigt und fordert am ſelben Tage den Konſul in
2262 5973 3664 6047 Belgrad auf, gemeinſchaftlich mit dem öſterreichiſchen Konſul dem
2262 6018 3664 6100 Fürſten Milan eine friedliche Politik zu empfehlen. Am 10. Juni
2263 6067 3666 6141 ſchreibt dann Lord A. Loftus aus St. Petersburg, der Fürſt von
2265 6112 3668 6181 Serbien habe den Konſuln die „poſitive Verſicherung ertheilt, daß er
2266 6170 3196 6227 dem Rathe der Mächte Folge leiſten werde“.
2364 6205 3670 6271 Gleichfalls am 10. Juni hat Lord Derby die bereits wiederge⸗
2270 6252 3671 6325 gebene Unterredung mit dem Grafen Münſter und am 14. diejenige
2270 6295 3670 6364 mit Graf Schouwaloff. Am 21. theilt Derby Lord A. Loftus mit, daß
2271 6342 3674 6411 der Kaiſer von Rußland den Wunſch habe ausdrücken laſſen, daß die
2273 6388 3673 6465 engliſche Regierung ihre Anſchauungen über eine vorgeſchlagene Ab⸗
2273 6430 3677 6502 tretung eines Hafens an Montenegro und Klein⸗Zworniks an Serbien
2274 6501 2595 6552 mittheilen möge.
2375 6525 3676 6591 Am 27. Juni berichtet Lord Derby dem Botſchafter in Wien,
2278 6570 3680 6643 Graf Beuſt habe ihm Graf Andraſſys Anſicht mitgetheilt, daß er
3646 376 5054 445 die Herſtellung einer Autonomie Bosniens und der Herzegowina für
3645 441 4042 488 unausführbar halte.
3739 469 5051 534 Dann folgen die Nachrichten über den Kriegsausbruch mit Ser⸗
3643 514 5054 581 bien und zum Schluß noch Berichte über den befriedigenden Verlauf
3645 573 4326 625 der Reichſtädter Konferenz.
3749 617 5060 679 — Den Stimmen in der Tagespreſſe, welche die Zurück⸗
3645 672 5050 739 berufung der Flotte aus der Beſika⸗Bay befürworten,
3646 723 5051 790 um die Mißbilligung der von den türkiſchen irregulären Trup⸗
3648 774 5055 844 pen in Bulgarien verübten Exceſſe Seitens Englands zu
3649 830 5002 896 kennzeichnen, tritt der „Obſerver“ ſehr entſchieden entgegen:
3750 876 5057 946 „Wir ſandten nicht unſere Flotte in türkiſche Gewäſſer — be⸗
3649 921 5057 988 merkt das Blatt, — weil wir mit der Sache des Halbmondes ſym⸗
3650 969 5056 1034 pathiſirten, oder weil wir irgendwie daran dachten, zu Gunſten des
3652 1013 5058 1077 Türken und gegen ſeine chriſtlichen Unterthanen zu interveniren. Die
3653 1059 5058 1127 Maßregel, welches auch immer der Zweck ihrer Urheber geweſen ſein
3655 1105 5059 1173 mag, wurde in dieſem Lande gebilligt, weil ſie als eine Garantie
3654 1147 5063 1219 dafür betrachtet wurde, daß wir eine Löſung der orien⸗
3655 1198 5059 1263 taliſchen Frage durch fremde Intervention nicht geſtatten
3656 1241 5059 1310 dürften, ohne eine Stimme in der Angelegenheit zu haben, und weil
3656 1289 5063 1356 wir glaubten, daß irgend eine ſolche Löſung nachtheilig für unſere
3657 1334 5064 1398 nationalen Intereſſen ſein würde. In anderen Worten, die Flotte
3657 1381 5062 1444 wurde im Intereſſe Englands und nicht in dem der Türken oder
3659 1426 5065 1495 Rajahs abgeſchickt. Und wenn dies damals der Fall war, iſt es noch
3660 1472 5065 1537 immer der Fall, ſo ſchlimm ſich auch die türkiſchen Soldaten aufge⸗
3660 1514 5071 1587 führt haben mögen Deutlich geſprochen: das Benehmen der Baſchi⸗
3661 1563 5068 1633 Bozuks iſt eine Nebenfrage, die mit der Hauptfrage, ob es für Eng⸗
3662 1609 5070 1676 land wichtig iſt, zu verhindern, daß der türkiſch⸗ſerbiſche Konflikt in
3662 1658 5074 1722 einen allgemeinen Krieg um die Theilung der Türkei ausarte, wenig oder gar
3663 1701 5071 1769 nichts zu thun hat. Wenn Lord Derby's Antizipationen richtig ſind,
3663 1747 5072 1816 iſt dieſe Gefahr abgewendet, aber wenn ſo, iſt der Umſtand, daß ſie
3666 1796 5071 1858 abgewendet wurde, in nicht geringem Grade der Anweſenheit der eng⸗
3666 1839 5072 1908 liſchen Panzerſchiffe auf der Höhe der Dardanellen, und dem dadurch
3667 1888 5075 1953 auf dem ganzen Feſtlande erzeugten Eindruck, daß England bei jedem
3666 1935 5074 1999 Verſuche zur Löſung der orientaliſchen Frage mit in Betracht gezogen
3667 1990 4404 2044 werden müſſe, zu verdanken.....“
3776 2048 5077 2126 Frankreich. Paris, 24. Juli. Die Senatsabſtim⸗
3669 2103 5079 2178 mung über das Waddingtonſche Geſetz nimmt noch
3671 2155 5078 2225 immer das allgemeine Intereſſe in hohem Grade in Anſpruch.
3674 2206 5080 2280 Die Deputirtenkammer hat dem Kabinet gleich darauf bekanntlich
3672 2261 5084 2326 ein Vertrauensvotum gegeben; die „Opinion“ beſpricht nun
3674 2309 5081 2383 das Verhältniß der Stimmen in beiden Kammern für und
3673 2364 5085 2432 wider das Miniſterium und kommt zu dem Reſultate: „Gegen
3673 2415 5085 2491 das Miniſterium im Senat 144, gegen das Miniſterium in der
3671 2465 5085 2544 Deputirtenkammer 150, Summe der Oppoſition gegen das Mi⸗
3669 2519 5085 2596 niſterium 294; für das Miniſterium im Senat 139, für das
3671 2571 5088 2645 Miniſterium in der Deputirtenkammer 350, Summe der Anhänger
3679 2622 5088 2692 des Miniſteriums 489; Unterſchied zu Gunſten des Miniſteriums
3680 2674 5090 2742 195. Das Kabinet beſitzt demnach in den beiden Kammern eine abſolute
3680 2726 5085 2801 Mehrheit von 78 und eine relative Mehrheit von 195 Stimmen.
3682 2777 5089 2848 Die Männer, welche die Monarchie mit Mehrheit von Einer
3682 2830 5092 2902 Stimme machen wollten, dürfen doch wahrlich am wenigſten be⸗
3683 2881 5093 2958 haupten, man könne unter ſolchen Bedingungen nicht nach den
3683 2934 5099 3011 ſtrengſten Regeln des parlamentariſchen Syſtems regieren.“ —
3687 2983 5092 3060 Das „Journal des Debats“ erblickt in der Abſtimmung noch
3687 3038 5094 3110 keinen Konflikt, nicht einmal den Verſuch, einen ſolchen hervor⸗
3682 3087 5096 3174 zurufen; dazu müſſe eine neue Probe abgewartet werden, die
3687 3137 5098 3213 bald bevorſtehe: bei der Abſtimmung über das Munizipal⸗
3689 3192 5097 3271 geſetz. Die Deputirtenkammer habe daſſelbe angenommen und
3689 3245 5099 3321 daſſelbe ſei an den Senat übergeben worden. Amendiren könne
3690 3297 5098 3374 dieſer es, wenn er es aber im Ganzen verwerfe, wie das Geſetz
3690 3344 5098 3417 über die Verleihung der Grade, dann wäre es Zeit, von einem
3693 3397 5112 3473 Konflikt zu reden; dann ſei der offene Kampf vorhanden. —
3804 3474 5098 3543 — Der „Moniteur univerſel“ erklärt, es ſei nicht wahr,
3697 3522 5106 3601 daß der Marſchall⸗Präſident dem Herzog v. Broglie
3696 3573 5099 3652 wegen ſeiner im Senat gehaltenen Rede Glück gewünſcht habe,
3696 3623 5103 3700 und fügt die Verſicherung hinzu, daß dem Einvernehmen zwiſchen
3697 3678 5106 3750 dem Marſchall und dem Kabinet nichts vorzuwerfen ſei; der
3697 3731 5106 3806 Marſchall habe wiederholt ſeit der Abſtimmung des Senats er⸗
3696 3780 5106 3855 klärt, daß er ſich in keiner Weiſe ſeinen verfaſſungsmäßigen
3699 3831 5115 3910 Verpflichtungen entziehen werde. Die Lage, fügt der „Moniteur“
3698 3882 5108 3964 hinzu, ſei allerdings ernſt, weil die Bonapartiſten und Legiti⸗
3699 3936 5112 4013 miſten in beiden Kammern entſchieden einen Feldzug eröffnet
3704 3983 5111 4068 hätten, um ein Zerwürfniß herbeizuführen, aus welchem die voll⸗
3706 4041 5113 4119 ziehende Gewalt nur durch die Auflöſung der Deputirtenkammer
3704 4087 5115 4172 herauskommen könnte, aber es ſtehe zu hoffen, daß die Koalition
3706 4141 5115 4220 der Rechten in beiden Kammern ihren Zweck nicht erreichen
3706 4192 5115 4274 werde, da die Linke der Deputirtenkammer beſchloſſen habe, nicht
3704 4246 5115 4320 in die Falle zu gehen, und da das Miniſterium ſehr feſt ent⸗
3704 4300 5116 4379 ſchloſſen ſei, ſich nicht zurückzuziehen, ſo lange es das Vertrauen
3707 4356 4723 4428 der Majorität in der Deputirtenkammer beſitze.
3809 4412 5120 4488 — Im Prüfungsausſchuſſe über Abſchaffung des
3709 4465 5118 4547 Preßgeſetzes vom Jahre 1852 erklärte, wie der „Köln. Ztg.“ ge⸗
3710 4520 5118 4592 meldet wird, der Konſeils⸗Präſident Dufaure, er könne gegen⸗
3713 4569 5120 4648 wärtig den Artikel 21 dieſes Geſetzes nicht miſſen, welcher fran⸗
3712 4620 5117 4708 zöſiſchen Zeitungen verbietet, Beiträge von Verurtheilten und
3713 4672 5120 4745 Verbannten aufzunehmen. — Pascal Duprat hat eine In⸗
3713 4725 5124 4804 terpellation wegen der Thätigkeit der gemiſchten ägyp⸗
3713 4783 4516 4858 tiſchen Gerichtshöfe angekündigt.
3818 4850 5129 4921 — Der weſentliche Inhalt des von Herrn Bertrand, ſtän⸗
3716 4905 5130 4985 digem Sekretär der Akademie der Wiſſenſchaften, erſtatteten
3719 4953 5133 5032 Berichts der Enquetekommiſſion für die Vorgänge bei
3720 5005 5132 5084 der letzten Aufnahmeprüfung der polytechniſchen Schule iſt
3717 5086 3932 5145 folgender:
3807 5102 5125 5182 „Als am 29. Juni d. J. die in fünf Gruppen getheilten Kan⸗
3721 5153 5127 5225 didaten ſich anſchickten, die ſchriftliche Arbeit für graphiſches Zeichnen
3722 5200 5125 5276 zu liefern, erhoben ſich in jedem der Säle von ihnen, die dem Louis
3723 5241 5130 5314 le Grand angehörten und erklärten, daß ihnen die Aufgabe bekannt
3726 5290 5132 5367 ſei, was ſie auch ſogleich belegten. Mehrere von ihnen ſagten auf
3725 5338 5132 5411 Befragen ferner aus, daß ſie die Ziffern der Aufgabe ſchon Tags
3727 5387 5136 5458 vorher von einem ihrer Kameraden erfahren hätten, der
3729 5429 5132 5501 aus der Jeſuitenanſtalt Sainte Geneviève hervorgegangen iſt;
3730 5476 5136 5547 an dieſer Anſtalt, ſowie am College Rollin und am Lycee
3729 5522 5138 5595 St. Louis, docirt der Hauptmann Javary, welcher als
3724 5563 5143 5634 Profeſſor der graphiſchen Studien an der polytechniſchen
3726 5614 5139 5688 Schule dies Jahr das oben gedachte Thema zu beſtimmen hatte.
3727 5658 5132 5738 Die Loyalität des Hauptmanns Javary iſt über jeden Zweifel er⸗
3725 5705 5136 5783 haben und unter den in der Enquete vernommenen Zöglingen, Pro⸗
3733 5750 5137 5830 feſſoren und Schuldirektoren herrſcht nur eine Stimme darüber, daß
3733 5798 5137 5869 er eines Verraths nicht fähig wäre. Das hindert jedoch nicht, daß
3733 5845 5138 5924 Hr. Javary, indem er mit der Beſtimmung der Aufgabe betraut
3734 5889 5140 5967 wurde, ſich in einer mit unüberwindlichen Schwierigkeiten, die er ſelbſt
3735 5939 5144 6012 vielleicht unterſchätzt hat, verbundenen Lage befand. Aus einem von
3733 5980 5145 6062 ihm ſelbſt erſtatteten Berichte geht hervor, daß er das Thema nicht
3730 6028 5143 6103 nur nicht ausgeplaudert, ſondern während ſeines Kurſus im College
3739 6074 5149 6147 Rollin nicht einmal gelehrt hat. Es iſt wohl möglich, daß gerade
3741 6113 5150 6198 dieſer Umſtand die Zöglinge des zweiten Jahrganges, welchen es auf⸗
3741 6166 5149 6246 fallen mußte, daß eine ſo intereſſante Zeichenaufgabe der Sammlung
3742 6210 5153 6287 nicht durchgegangen wurde, ſie auf die rechte Spur gelenkt hat. Als
3738 6257 5155 6336 Freund ſeiner Zöglinge, deren ganzes Vertrauen er beſitzt, iſt Herr
3738 6298 5156 6382 Javary wiederholt mit ihnen auf ein Geſpräch über die nächſte
3748 6352 5156 6428 Prüfung eingegangen; es konnte aus ſeinem Schweigen, Lächeln oder
3750 6391 5157 6468 Erſtaunen bei gewiſſen Fragen wohl mancher Schluß gezogen werden.
3751 6433 5163 6518 Es iſt gleichwohl ſchwer anzunehmen, daß das Thema in ſeinem
3753 6487 5161 6566 ganzen Inhalte lediglich errathen worden wäre. Eine Indiskretion
3752 6531 5166 6613 iſt höchſt wahrſcheinlich begangen worden, ihr Urheber konnte
5424 319 6825 414 aber nicht ermittelt werden. Mehrere Zöglinge beriefen ſich
5425 374 6826 464 auf einen Zögling des Lycee Saint⸗Louis, der wiederum als
5423 422 6826 510 ſeinen Gewährsmann einen Zögling der Jeſuitenſchule bezeichnete.
5425 467 6829 553 Dieſer letztere leugnet nicht nur, eine ſolche Mittheilung gemacht
5435 511 6829 605 zu haben, ſondern er behauptet ſogar, daß das Thema ihm perſönlich
5433 561 6831 642 unbekannt geweſen ſei. Er hätte wohl, wie beinahe alle Kandidaten,
5438 605 6831 694 ſagen hören, daß man die Interſektion einer Hyperboloide und eines
5437 645 6832 737 Kegels zu zeichnen haben werde; aber er hätte gar nicht an die Wahr⸗
5434 695 6837 786 heit dieſer Angabe geglaubt und ſie auch nicht weiter beachtet. Der
5437 738 6837 824 erſte der beiden Zöglinge beruft ſich für ſeine Ausſage auf das Zeugniß
5441 791 6839 877 zweier Kameraden, denen er das Thema mitgetheilt hat, nachdem er
5436 827 6839 914 unter den Augen des einen von ihnen mit dem Zögling der Jeſuiten⸗
5438 881 6842 974 ſchule vertraulich geſprochen hätte. Der letztere lengnet auch dies ganz
5447 919 6844 1010 entſchieden und weiſt zur Erhärtung ſeiner Angabe darauf
5445 968 6845 1060 hin, daß ſeine eigene Arbeit, die ſchon ſehr vorgerückt war, als
5440 1013 6847 1099 das Thema zurückgezogen wurde, ſo mangelhaft geweſen ſei. Wir
5442 1059 6847 1151 haben dieſe Arbeit vor Augen gehabt, ſie iſt in graphiſcher Beziehung
5449 1109 6848 1198 ſehr gut und gehört zu den am weiteſten gediehenen von allen; in
5453 1150 6852 1244 geometriſcher Hinſicht iſt ſie aber ganz verfehlt und enthält grobe
5445 1196 6853 1292 Fehler, welche der geringſte Wink eines Lehrers oder die elementarſte
5447 1248 6498 1333 Kenntniß des Gegenſtandes hätte verhindern müſſen.
5555 1291 6857 1377 — Die franzöſiſche Flotte unter dem Admiral Roze
5448 1365 6275 1435 traf am 23. Juli vor Tripolis ein.
5544 1393 6860 1483 — 25. Juli. (H. T. B.) Bei der heute im Senat
5459 1444 6861 1537 vorgenommenen Wahl der Munizipalgeſetz⸗Kommiſſion
5455 1497 6859 1590 ſind unter den 9 Mitgliedern 5 Bonapartiſten gewählt worden.
5569 1547 6864 1637 Verſailles, 25. Juli. (W. T. B.) In der heutigen
5459 1595 6875 1690 Sitzung des Senats legte der Berichterſtatter der Kommiſſion
5456 1649 6864 1741 für die internationale Ausſtellung im Jahre 1878,
5460 1702 6868 1791 Krantz, ſeinen Bericht vor, in welchem ausgeführt wird, daß die
5468 1754 6868 1842 Ausſtellung nicht aufgeſchoben werden könnte, weil Frank⸗
5468 1807 6870 1895 reich ſich mit ſeinem Worte für das Zuſtandekommen derſelben
5453 1859 6872 1945 verpflichtet habe. Der Geſetzentwurf, betreffend die Aus⸗
5469 1905 6874 1998 ſtellung, wurde hierauf einſtimmig angenommen. — Die
5463 1963 6874 2046 Interpellation de la Rochette's, betreffend die Erhebung
5477 2014 6877 2098 der franzöſiſchen Geſandtſchaft in Rom zum Range einer Bot⸗
5467 2065 6878 2152 ſchaft wurde bis zur Berathung des Budgets für das Mini⸗
5465 2126 6588 2207 ſterium der auswärtigen Angelegenheiten vertagt.
5583 2203 6882 2288 Italien. Das Pariſer „Journal des Debats“ macht in einem
5479 2254 6876 2344 „Das Verhältniß Italiens zur orientaliſchen Frage“
5469 2313 6885 2392 überſchriebenen Artikel u. A. folgende Bemerkungen zur
5485 2359 6888 2447 Haltung des Vatikans: „Die römiſche Kurie erklärt
5469 2411 6888 2499 ſich offen für die Türkei; das Kreuz vertheidigt den
5480 2458 6888 2549 Halbmond. Das kann uns nicht nur nicht überraſchen,
5482 2512 6898 2598 ſondern ſcheint im Gegentheil ſehr natürlich und logiſch.
5474 2567 6894 2646 Der Umſtand iſt in der Frage von großer Bedeutung, daß Rom
5475 2621 6895 2697 über mehrere Millionen Katholiken im Orient gebietet, und man
5483 2667 6896 2754 ſieht, daß es ihnen die Loſung gegeben hatte, ſich an dem ſlavi⸗
5488 2720 6896 2807 ſchen Aufſtande nicht zu betheiligen. Dieſe Seite der orientali⸗
5490 2777 6898 2859 ſchen Frage iſt ſehr intereſſant zu beobachten. Zwiſchen der Re⸗
5485 2818 6907 2911 gierung des Sultans und der des Papſtes beſteht und hat jederzeit
5493 2872 6910 2957 ein Annäherungspunkt beſtanden. Beides ſind theokratiſche, auf
5493 2929 6904 3011 derſelben Grundlage ruhende Regierungen, die von demſelben
5494 2979 6905 3066 Prinzip leben oder daran zu Grunde gehen. Die Aufſtändiſchen
5489 3033 6906 3111 der türkiſchen Provinzen ſind allerdings Chriſten, aber ſie ge⸗
5498 3083 6907 3166 hören zum größten Theile dem griechiſchen Bekenntniſſe an; ſie
5488 3134 6909 3221 ſind Schismatiker, was in den Augen der Kirche ſchlimmer iſt,
5503 3188 6907 3265 als wenn ſie einer gegneriſchen oder fremden Religion huldigten.
5502 3236 6908 3315 Wie bekannt, gewährt die muſelmaniſche Herrſchaft in der Türkei
5505 3289 6909 3370 ein Maß religiöſer Freiheit, von der man in gewiſſen chriſtlichen
5496 3337 6906 3417 Ländern nichts weiß. Wir ſprechen hier nicht von Gleichheit,
5496 3395 6912 3475 ſondern von Freiheit. Nachdem die Türken das Land erobert
5507 3445 6915 3528 hatten, ließen ſie den Chriſten die Wahl, zum Islam überzu⸗
5513 3495 6925 3579 gehen und Bürger zu werden oder ihrem Glauben treu zu blei⸗
5507 3551 6925 3620 ben und aller ſtaatsbürgerlichen Rechte beraubt zu
5507 3599 6918 3681 ſein.... Die römiſche Kirche erblickt in dem ſchismati⸗
5513 3650 6919 3732 ſchen Rußland einen viel gefährlicheren Feind als in
5512 3703 6918 3777 der mohamedaniſchen Türkei. Die Türken treiben keine Propa⸗
5516 3752 6919 3835 ganda; ſie laſſen die verſchiedenen Kirchen in ihrem Lande ge⸗
5515 3803 6918 3881 währen und kümmern ſich nicht darum, weil ſie dieſe verachten.
5521 3854 6920 3936 Ganz anders tritt Rußland auf; ſein Staatsoberhaupt iſt eben⸗
5523 3904 6921 3987 falls Oberhaupt der Kirche. Die römiſche Kurie will daher viel
5524 3956 6917 4030 lieber mit dem Sultan als mit dem Czar unterhandeln....“
5628 4042 6924 4117 Türkei. Gegenüber den Nachrichten über das barbariſche
5518 4090 6919 4176 Auftreten der Türken in Bulgarien hat, wie die „N. Fr. Pr.“
5526 4147 6927 4226 mittheilt, die Pforte an ihre Vertreter im Ausland folgende
5528 4199 6929 4280 (bereits telegraphiſch erwähnte) amtliche Mittheilung erlaſſen:
5628 4253 6924 4326 „Mit Bedauern erſehen wir ſeit einiger Zeit aus den Journalen,
5520 4295 6933 4372 daß man unſeren Baſchi⸗Bozuks (Irregulären) in Bulgarien Akte
5530 4338 6933 4416 der Plünderung und Grauſamkeit, ja ſelbſt Morde zur Laſt legt.
5535 4383 6932 4463 Dieſe Baſchi⸗Bozuks ſind die eigenen Einwohner der Provinz, die ſich
5536 4436 6934 4509 bewaffnet und auf den Kriegsſchauplatz begeben hatten, um ihr Eigen⸗
5531 4477 6937 4555 thum, ihre Familie, ihren Beſitz, die alle durch die Inſurrektion
5531 4529 6936 4599 bedroht erſcheinen, bis zu dem Augenblick zu vertheidigen,
5531 4571 6940 4641 wo die Regierung Streitkräfte in genügender Anzahl auf⸗
5539 4614 6941 4693 gebracht haben wird, um die Empörung zu erſticken. Wir
5540 4666 6941 4735 geben zu, daß in Bulgarien bedauerliche Ausſchreitungen vorgekommen
5535 4711 6944 4784 ſind; aber es waltet eine große Uebertreibung in den hierauf bezüg⸗
5539 4756 6946 4828 lichen Schilderungen ob. Ein Beweggrund war gleichwohl vorhan⸗
5541 4803 6942 4875 den, der jene Gewalthandlungen von Seite der Milizdienſte leiſten⸗
5540 4852 6947 4920 den Bewohner hervorrief. Man hatte nämlich in den Händen der
5534 4895 6948 4974 vornehmſten Rädelsführer Inſtruktionen der verſchiedenen bulgariſchen
5537 4941 6947 5013 Comités gefunden, welche eine allgemeine Niedermetzelung aller Muſel⸗
5543 4988 6950 5058 manen, die Zerſtörung ihrer Habe und die Einäſcherung der Städte
5544 5033 6951 5104 Adrianopel, Philippopel und Tatar⸗Bazardſchik anbefahlen. Wir
5543 5082 6949 5146 werden den Augen Europas eine detaillirte Darlegung dieſer un⸗
5548 5126 6952 5198 glückſeligen Inſurrektion, der ſich daran knüpfenden Umſtände und
5549 5173 6951 5244 Thatſachen, ſowie des Verhörs und der Aburtheilung der Schuldigen,
5543 5217 6956 5289 welche hingerichtet worden ſind, ohne Verzug unterbreiten. Der
5554 5265 6953 5335 Eifer der Kaiſerlichen Regierung, allerwärts die Sicherheit der Be⸗
5552 5312 6952 5381 völkerungen zu verbürgen, geht ſo weit, daß, als ſie unlängſt ver⸗
5553 5356 6959 5429 nahm, ein Freiwilligen⸗Corps, das ſich nach Niſch begab, habe auf
5555 5405 6958 5475 ſeinem Wege dahin in Haßkeny Kururſchesme Akte der Plünderung
5554 5449 6961 5513 verübt und eine bulgariſche Bäuerin getödtet, ſie alſogleich den
5552 5487 6963 5565 Ortsbehörden Auftrag ertheilte, die Schuldigen zu verhaften. Sie
5556 5542 6963 5611 entſendete an Ort und Stelle Se. Excellenz Kiani Paſcha, einen der
5559 5585 6964 5658 Miniſter, einen energiſchen und ſtrengen Mann, und ſtattete ihn mit
5556 5633 6965 5698 voller Gewalt aus, diejenigen, welche ſchuldig befunden wurden, jenen
5562 5679 6965 5758 Akt der Grauſamkeit verübt zu haben, abzuurtheilen und
5560 5719 6968 5801 hinrichten zu laſſen. Bereits ſind die Führer und die Hauptſchuldigen
5567 5769 6967 5841 in Haft genommen. Die Aburtheiluug iſt im Zug, und ſie werden
5569 5815 6969 5891 nach der vollen Strenge der Geſetze beſtraft werden. Die hohe Pforte
5571 5866 6971 5936 iſt entſchloſſen, raſche und ausgiebige Gerechtigkeit zu üben, wer immer
5571 5907 6972 5972 die Schuldigen ſein mögen, und ſo der Bevölkerung ein Beiſpiel von
5571 5951 6974 6022 der Strafe zu geben, welche alle Diejenigen erwartet, die ſich fried⸗
5574 5996 6970 6069 lichen und harmloſen Perſonen gegenüber Miſſethaten erlauben ſollten.“
5681 6075 6688 6145 — Vom Kriegsſchauplatze wird gemeldet:
5686 6119 6977 6200 Konſtantinopel, 25. Juli. (W. T. B.) Nach einer
5574 6173 6978 6245 amtlichen Meldung der Regierung hat eine aus
5580 6223 6981 6295 Sotchaniza (nordweſtlich von Niſchan der Morava) abge⸗
5583 6276 6981 6354 gangene Abtheilung türkiſcher Truppen die ſerbiſche Grenze
5583 6328 6983 6396 überſchritten und die Serben zurückgeſchlagen, welche 300 Todte
5580 6380 6986 6458 verloren. Drei ſerbiſche Dörfer wurden in Brand geſteckt.
5583 6432 6987 6508 Abdul Kerim iſt in Niſch eingetroffen; es ſteht ein größerer
5583 6482 6988 6551 Zuſammenſtoß bevor. — Durch die amtliche Meldung wird
6899 287 8304 376 ferner beſtätigt, daß die Montenegriner bei Neveſinje
6901 340 8304 420 von dreizehn Bataillonen angegriffen wurden und nach drei⸗
6902 413 7528 484 ſtündigem Kampfe flüchteten.
7006 446 8307 522 Belgrad, 25. Juli. (W. T. B.) Der Regierung
6905 497 8308 572 wird vom Kriegsſchauplatz gemeldet: Geſtern hatte die Armee
6907 545 8310 622 des Generals Zach auf der ganzen Linie Zuſammenſtöße
6909 600 8311 673 mit den Türken. Bei Javor (nördlich von Sienitza auf der
6911 645 8312 730 Grenze) dauerte das Feuer der Geſchütze, welchem ein Infanterie⸗
6915 703 8314 785 gefecht folgte, 7 Stunden und war erfolgreich. Mehrere
6914 755 8316 832 türkiſche Kanonen wurden demontirt. Eine Abtheilung unter
6916 805 8316 881 dem Archimandriten Ducic nahm die türkiſchen Block⸗
6917 857 8318 940 häuſer bei Vaſſiljevitſch (nördlich von Sienitza), zerſtörte
6921 908 8318 988 dieſelben und machte dort Beute. Während des Kampfes
6925 959 8321 1041 ergriffen mehrere hundert von den türkiſchen Truppenabtheilun⸗
6931 1014 8322 1094 gen abgeſchnittene Türken die Flucht. Die ſerbiſchen Truppen
6927 1063 8323 1142 verſchanzten ſich in den den Türken abgenommenen Poſitionen
6926 1114 8323 1194 und hatten nur wenige Verwundete. Oberſt Czolokantics
6930 1167 8325 1248 erzielte in der Richtung auf Sienitza noch größere Erfolge,
6928 1217 8328 1290 indem er den Türken auf der ſogenannten Osman Paſcha⸗Höhe
6930 1270 8329 1347 die Blockhäuſer und Verſchanzungen abnahm, den Feind zer⸗
6931 1326 8111 1405 ſtreute und ſich mehrerer türkiſcher Dörfer bemächtigte.
7035 1370 8332 1450 Wien, 25. Juli. (W. T. B.) Der „Politiſchen Kor⸗
6934 1423 8332 1506 reſpondenz“ wird aus Raguſa gemeldet: In Folge der be⸗
6937 1473 8337 1551 deutenden Verluſte, welche die Montegriner am 23. d. bei
6938 1526 8338 1608 Bichina, in der Nähe von Neveſinje, gegen Moukhtar Paſcha
6940 1581 8338 1659 erlitten, hat ſich der Fürſt Nikita nach Gaczko zurückgezogen
6939 1633 8341 1710 und auf dem Rückzuge die türkiſchen Häuſer in Gaczko, aus
6941 1683 8343 1764 welchen auf die Montenegriner geſchoſſen wurde, niedergebrannt.
6941 1731 8347 1812 In der Umgegend von Podgorizza nehmen die Türken ſeit
6945 1778 8349 1869 einigen Tagen zahlreiche Verhaftungen von Chriſten vor. Bei
6948 1842 8349 1921 Podgorizza werden von den Türken neue Verſchanzungen er⸗
6944 1923 7071 1963 richtet.
7051 1934 8351 2013 — Der bisherige Verlauf des türkiſch⸗montenegrini⸗
6948 1993 8344 2076 ſchen Krieges wird von der „Pol. Corr.“ folgendermaßen ge⸗
6949 2077 7132 2129 ſchildert:
7042 2095 8356 2169 Raguſa, 23. Juli. Im Verlaufe der beiden letzten Wochen
6952 2142 8358 2218 vollzogen die Montenegriner ihre Operationen zwar langſam, aber
6955 2188 8352 2263 nichtsdeſtoweniger mit Erfolg. Dies gilt ſowohl von dem in der
6955 2233 8360 2314 Herzegowina eingebrochenen Corps, als von der gegen Albanien
6960 2277 8361 2358 operirenden Südarmee. Die Langſamkeit ihrer Bewegungen iſt kei⸗
6958 2327 8362 2401 neswegs dem von den türkiſchen Truppen geleiſteten Widerſtande zu⸗
6960 2373 8363 2450 zuſchreiben, da dieſe letzteren nur in ſehr geringer Anzahl vorhanden
6961 2416 8361 2488 und als Garniſonen in wenigen Orten der Herzegowina zerſtreut ſind.
6963 2465 8365 2535 Die Montenegriner ſind aber in ihrem Vordringen ſehr behutſam, da
6963 2505 8366 2585 ſie immer das plötzliche Auftreten türkiſcher Corps aus Bosnien
6966 2557 8367 2631 fürchten. Ein zweiter Grund dieſer Behutſamkeit liegt darin, daß
6966 2600 8368 2672 die Montenegriner eines eigentlichen Generalſtabes entbehren, ſo daß
6968 2642 8367 2722 die ganze Kriegsleitung auf den Schultern des Fürſten, des Stanko
6974 2692 8370 2765 Radonics und eines Intendanten ruht. Der übrige Theil des Fürſt⸗
6971 2738 8371 2814 lichen Gefolges iſt eben nur bemüht, ſich durch perſönliche Tapfer⸗
6973 2787 8372 2859 keit hervorzuthun. Außerdem mangelt es den Montenegrinern an
6972 2832 8373 2902 Artillerie und verfügen ſie nur über wenig Kanonen. Letz⸗
6974 2879 8371 2947 tere würden übrigens den Montenegrinern mehr ſchädlich als
6974 2922 8375 2998 vortheilhaft ſein, daher ſie ſich dieſe Entbehrung mit Rück⸗
6976 2971 8375 3045 ſicht auf die ihnen wohlbekannte Beſchaffenheit des herzego⸗
6978 3016 8378 3091 winiſchen Terrains und den Mangel an Straßen ſelbſt auferlegt
6977 3061 8379 3133 haben. Auch der Gang der ſerbiſchen Operationen iſt nicht ohne
6979 3103 8380 3184 Einfluß auf dieſe zögernden Bewegungen geblieben. Uebrigens trachten
6979 3154 8381 3224 die Montenegriner bei ihrem Vorrücken, durch außerordentlich freund⸗
6979 3198 8381 3272 liches Benehmen ſich die Sympathien der mahomedaniſchen Be⸗
6980 3240 8384 3318 völkerung zu erwerben. In der Herzegowina formiren die Monte⸗
6982 3291 8386 3366 negriner vier Diviſionen. Eine derſelben verblieb bei Gaczko, eine
6983 3336 8388 3408 bei Neveſinje, die dritte derſelben befindet ſich oberhalb Klek in
6985 3382 8391 3452 Utovo und die vierte ſteht zwiſchen Neveſinje und Gaczko. Die
6988 3424 8391 3502 bei Gaczko ſtehende Diviſion hat ihre Aufgabe nahezu vollſtändig
6989 3475 8393 3549 gelöſt, jene von Klek cernirt das mit einer kleinen Garniſon verſehene
6990 3516 8392 3597 Utovo und hat es auch bereits, jedoch ohne Erfolg, angegriffen.
6993 3562 8395 3643 Heute verſuchten es die Montenegriner, Utovo durch einen Parlamentär
6988 3610 8396 3687 zur Uebergabe aufzufordern. Die Türken erklärten jedoch, bis auf
6990 3658 8395 3730 den letzten Mann kämpfen zu wollen. Wenn es der größeren Diviſion
6991 3705 8392 3772 bei Neveſinje gelingt, die befeſtigte Kaſerne von Neveſinje zu nehmen,
6988 3750 8394 3817 in welche ſich Selim Paſcha, nachdem er Zalom aufgegeben, ge⸗
6994 3787 8391 3868 flüchtet hat, ſo ſtehen die Montenegriner in ſechs Stunden vor Moſtar.
6991 3838 8396 3905 Der oberhalb der Kaſerne aufgeworfenen Verſchanzungen haben ſie
6990 3892 8069 3959 ſich bereits bemächtigt und beſchießen ſie die Kaſerne.
7081 3940 8396 4013 — Von der bosniſch⸗kroatiſchen Grenze wird der „Pol.
6994 4003 7982 4064 Corr.“ über die Inſurrektion geſchrieben:
7090 4044 8400 4111 Den Bewohnern von Petrovac (in der Nähe des „Triplex
6998 4093 8400 4161 Confinium“), in welchem eine größere Abtheilung türkiſcher Truppen
6998 4136 8402 4206 bereits ſeit längerer Zeit den Gang der Ereigniſſe abwartete, ging
7001 4184 8405 4257 der Proviant aus und ſie ließen ſich aus Serajevo eine bedeutende
7003 4230 8407 4302 Ladung Mehl und Proviant (etwa 100 Tovars) kommen, welche
6997 4274 8408 4354 jedoch von den Inſurgenten bei Smoljane erbeutet wurde. Einige
6997 4317 8410 4394 Tage darauf hielten die Führer Amelica, Davidovic, Damjanic,
7005 4366 8413 4436 Umicevic, Despotovic und Popp Karan Kriegsrath ab, um die Art
7005 4414 8413 4481 und Weiſe der demnächſt zu ergreifenden Offenſive zu beſprechen.
7007 4458 8412 4528 Die Türken ließen nämlich die Inſurgenten in jüngſter Zeit ziemlich
7008 4507 8416 4576 unbehelligt. Amelica wurde mit einer ziemlich ſtarken Abtheilung
7009 4555 8419 4625 nach Smoljane abgeſchickt, um die Höhen daſelbſt zu okkupiren, was
7009 4599 8420 4672 ihm nach kurzem Widerſtande der ſchwachen türkiſchen Beſatzung
7013 4645 8420 4717 auch gelang. Die übrigen Inſurgentenführer wählten Simo Davi⸗
7012 4695 8423 4761 dovic zum Anführer und marſchirten gegen Bravsko, wo gegen
7017 4731 8429 4807 1000 Baſchibozuks konzentrirt waren. Der Angriff Seitens der In⸗
7014 4778 8426 4856 ſurgenten erfolgte am frühen Morgen und mit großer Heftigkeit.
7016 4830 8425 4899 Die Baſchibozuks leiſteten wohl Widerſtand, jedoch vergeblich denn,
7016 4869 8426 4949 nach dem zweiten Sturm fiel Bravsko in die Hände der Inſur⸗
7017 4921 8387 4998 genten, die den Ort beſetzten. Die Verluſte waren beiderſeits groß.
7115 4964 8426 5034 Die Inſurgenten ganz Weſt⸗Bosniens, einſehend, daß
7019 5012 8430 5089 ihre irregulären Maſſen ohne Artillerie und ohne militäriſche Führung
7019 5058 8432 5135 gegen die türkiſche Militärmacht nur ſchwer aufkommen können, be⸗
7017 5104 8426 5181 ſchloſſen, die Gegend gänzlich zu devaſtiren, um ſo eher die Möglich⸗
7022 5152 8425 5225 keit ihrer Vereinigung mit den im Kozara⸗, Germece⸗ und Riſovac⸗
7025 5197 8434 5270 Gebirge unthätig lagernden Abtheilungen herbeizuführen. Aus dieſem
7027 5236 8435 5314 Grunde haben ſie auch die Ortſchaften Sanica, Modran, Naprenje,
7027 5291 8437 5363 Budelj, Biljana, Gorica, Vajatovici, Cikice, Turnic, Orkec, Kamen⸗
7030 5330 8438 5412 grad, Crnojevici, Jacubovac, Prisjek und Balerica⸗Brdo vernichtet
7028 5377 8443 5453 und niedergebrannt, bei welcher Gelegenheit ihnen 1300 Stück Horn⸗
7031 5428 8224 5503 vieh, 1500 Schafe, an 100 Pferde ꝛc. in die Hände fielen.
7129 5477 8439 5550 — (W. T. B.) Nach in Paris am 25. Juli eingegange⸗
7033 5527 8444 5603 nen Privatnachrichten aus Konſtantinopel wäre der bei den
7035 5581 8445 5658 Vorgängen in Salonichi kompromittirte ehemalige Gouverneur
7038 5633 8387 5705 von Salonichi zu einem Jahre Gefängniß verurtheilt worden.
7149 5700 8449 5768 Rumänien. In der Sitzung der Deputirtenkammer
7039 5748 8449 5824 vom 19. Juli forderte, der „Allg. Ztg.“ zufolge, die Regie⸗
7040 5803 8451 5881 rung einen Kredit von 10,000 Franken zur Unterſtützung
7043 5852 8452 5934 der größtentheils aus Frauen und Kindern beſtehenden Flücht⸗
7044 5905 8451 5985 linge, welche der ſerbiſch⸗türkiſche Krieg auf rumäniſch s Ter⸗
7043 5954 8453 6035 ritorium gedrängt hat. Die Vorlage macht unter ſerbiſchen und
7046 6011 7938 6087 türkiſchen Flüchtlingen keinen Unterſchied.
7154 6057 8459 6133 — Dem „N. W. Tagbl.“ vom 24. zufolge hätte die
7049 6109 8460 6193 Pforte die wichtigſten Forderungen Rumäniens ab⸗
7052 6165 8462 6244 gelehnt und beſonders das Verlangen einer Gebietsabtretung
7051 6212 8463 6288 und der rumäniſchen Jurisdiktion über die in der Türkei woh⸗
7054 6273 8073 6338 nenden Rumänen als undiskutirbar bezeichnet.
7165 6338 8468 6414 Ame. Es wurde ſeiner Zeit berichtet, wie der General
7060 6390 8469 6468 Cuſter am le⸗Horn River auf ein Lager der aufſtändiſchen
7061 6440 8467 6525 Sioux⸗Ind er ſtieß, wie er den Major Reno zur Umzin⸗
8379 249 9787 334 gelung deſſelben abſandte, wie er dann ſelbſt mit allen ſeinen
8375 307 9784 387 Truppen in einem Hinterhalt vernichtet wurde, während Reno
8377 357 9783 433 die Vereinigung mit einem andern Truppencorps unter Oberſt
8379 409 9790 492 Gibbon zu Stande brachte, die Leichen Cuſters und der übrigen
8377 455 9802 554 Gefallenen beerdigen ließ und ſich dann zum Yellowſtone⸗River
8384 512 9792 592 zurückzog. Ueber dieſen letzten Theil des Ereigniſſes, d. h. über
8383 561 9795 636 den Marſch des Oberſten Gibbon und deſſen Vereinigung mit
8385 614 9794 694 Major Reno, liegen eine Anzahl Depeſchen vor, denen wir fol⸗
8388 685 9042 747 gende Einzelheiten entnehmen:
8483 711 9795 788 Während Cuſters Truppentheil nur aus Kavallerie beſtand,
8389 762 9797 841 marſchirten in einiger Entfernung hinter ihm General Terry und
8390 804 9801 881 Oberſt Gibbon mit fünf Compagnieen Infanterie, vier Kavallerie⸗
8393 853 9802 934 Schwadronen und einer Gatling⸗Gebirgs⸗Batterie. General Cuſter
8394 901 9801 973 ſollte mit ſein n Reitern den Feind aufſuchen und ihn feſthalten;
8396 941 9802 1015 einem Kampfe aber ſollte er nach vorheriger Uebereinkunft jedenfalls
8396 994 9803 1061 bis zu Terry's Heranrücken ausweichen. Beide Truppenkörper wurden
8398 1039 9802 1106 am 24. Juni beim Zuſammenfluſſe des Yellowſtone⸗ und Big Horn⸗
8398 1084 9805 1154 River von den Regierungs⸗Transportſchiffen gelandet, und Cuſter
8400 1129 9804 1201 brach, wie verabredet war, zuerſt auf. Terry blieb zurück und
8401 1175 9805 1247 Oberſt Gibbon marſchirte mit ſeinem Corps am erſten Tage
8402 1223 9805 1289 36 Kilometer, am zweiten 18 Kilometer durch unwegſames
8404 1269 9808 1337 Land bis zur Mündung des Little Big Horn in den
8404 1311 9812 1388 Big Horn River. Dort überbrachten am Morgen des 26. Juni
8412 1361 9811 1432 drei flüchtige und verwundete Crows⸗Indianer die Nachricht von
8410 1404 9810 1476 Cuſters Niederlage, doch glaubte man ihnen nicht, da alle Wahr⸗
8410 1443 9813 1526 ſcheinlichkeit dagegen zu ſprechen ſchien und da man einen Kampf
8411 1490 9813 1568 zum allerfrüheſten erſt für den 27. in Ausſicht genommen hatte.
8413 1539 9816 1611 Voller Beſorgniß marſchirte man weiter, ohne auch nur das geringſte
8414 1586 9816 1663 Pulverwölkchen am Horizont zu entdecken. Endlich nach Zurücklegung
8417 1631 9818 1702 einer Strecke von 45 Kilometern mußte Halt gemacht werden, da die
8418 1673 9821 1748 ermüdeten Soldaten zu Dutzenden umſanken. Am folgenden Morgen
8419 1723 9825 1797 beim erſten Tagesgrauen ſtieß die Avantgarde innerhalb einer kleinen
8425 1766 9827 1841 Ebene von etwa ¾ Kilometer ins Geviert am linken Ufer des Little Big
8423 1815 9829 1892 Horn auf die ausgedehnten Ueberreſte eines verlaſſenen indianiſchen Lagers,
8424 1862 9833 1935 welches ſich 5 Kilometer weit längs des Stromes hinzog. Dort fand man
8428 1909 9832 1981 die friſchaufgeſchütteten Gräber von neun Häuptlingen, rings um⸗
8428 1946 9833 2029 geben von jüngſt geſchlachteten Pferden. Kavallerie⸗Ausrüſtungsſtücke,
8428 1991 9834 2073 Büffelhäute, Blechdoſen mit gedörrtem Fleiſch, wie die nordamerika⸗
8431 2046 9838 2118 niſchen Soldaten es im Felde zu genießen pflegen. Waffen und un⸗
8431 2087 9840 2166 zählige andere Gegenſtände bedeckten in wirrem Durcheinander den
8433 2129 9839 2209 Boden, untermiſcht mit vereinzelten menſchlichen Leichen, entſetzlich
8434 2180 9842 2256 verſtümmelt, aber dennoch zum Theil noch erkennbar. Eben hatte
8435 2226 9843 2302 man begonnen, die Leichname eines Lieutenants, eines Dolmetſchen
8435 2270 9846 2344 und eines Wegweiſers von Cuſters Kolonne zu beerdigen, als ein
8440 2313 9846 2396 halbſkalpirter Crow⸗Indianer athemlos herbeiſtürzend die Nachricht
8439 2363 9847 2440 brachte, daß Major Reno mit den Ueberbleibſeln des 7. Kavallerie⸗
8443 2408 9851 2488 Regiments auf einem Hügel nahe am Ufer umzingelt und in Gefahr
8440 2457 9846 2536 ſei, von den zahlreich anſtürmenden Indianern erdrückt zu werden.
8449 2503 9851 2576 Schleunigſt brach man auf, und kaum eine Stunde hatte die Kolonne
8447 2549 9853 2623 marſchirt, ſo gewahrte ſie auf einem ſchrägabfallenden Ufergehänge an
8443 2592 9851 2667 der anderen Seite des Fluſſes eine kleine Soldatenſchaar, die ſich in
8445 2643 9851 2714 einem Kreiſe zuſammengeſchloſſen mit blanker Waffe mühſam der an⸗
8447 2685 9851 2764 ſtürmenden Indianer erwehrte, während die Mitte des Kreiſes
8449 2729 9853 2805 von ihren Pferden und Verwundeten eingenommen war. Sofort gab
8451 2770 9853 2853 Oberſt Gibbon ſeinem Pferde die Sporen und ſprengte in den Fluß,
8453 2826 9858 2900 ihm nach die zum größten Theil berittene Avantgarde; die Indianer
8451 2869 9856 2942 wichen mit ihrer bekannten Geſchicklichkeit ſchnell und faſt lautlos
8450 2911 9860 2998 zurück, die überlebenden Soldaten aber begrüßten die Ankömmlinge
8451 2961 9859 3033 mit einem lauten Hurrah — hatten ſie doch von Sonntag Nachmit⸗
8456 3005 9860 3086 tag bis Mittwoch Morgen hinter nothdürftig aus ihrem Gepäck und
8457 3048 9861 3128 ihren Torniſtern hergerichteten Verſchanzungen beſtändig gefochten,
8459 3095 9866 3174 ohne Schlaf, ohne Ruhe und faſt ohne Nahrung; daß aber auch
8456 3143 9866 3221 die Indianer nicht geringe Verluſte erlitten hatten, bewies die
8457 3184 9868 3269 Umgebung und der Fluß, an deſſen buſchreichen Ufern ſich
8461 3234 9869 3312 allenthalben Männer⸗ und Pferdeleichen feſtgeſetzt hatten. Ueber
8464 3284 9871 3353 General Cuſters Schickſal waren Major Reno ebenſo wie
8462 3326 9894 3402 Oberſt Gibbon bis zu dieſem Augenblick vollſtändig im Unkla⸗
8463 3371 9873 3451 ren, da Reno und Cuſter ſich ſchon am 25. getrennt hatten. Während
8467 3421 9871 3492 man ſich mit der vorläufigen Pflege und Wegſchaffung der Verwun⸗
8467 3465 9873 3540 deten beſchäftigte, wurden Patrouillen abgeſandt, um nach Cuſters
8468 3510 9881 3586 Verbleib auszuſpähen. Eine derſelben fand etwa 5 Kilometer ſtrom⸗
8470 3559 9875 3634 aufwärts an der gegenüber liegenden Seite des Fluſſes die erſten
8467 3601 9880 3683 Spuren von deſſen Niederlage. Leichen, Waffen und weggeworfene
8467 3650 9885 3722 Monturſtücke wieſen in geradeder Linie den Pfad in ein enges Thal;
8468 3694 9882 3772 dort aber ſchien das Waffenglück ſich gewandt zu haben, denn faſt
8462 3741 9885 3821 parallel der erſten Straße führte eine zweite ebenſo kennliche wieder
8466 3801 9288 3865 ungefähr zu dem Ausgangspunkte zurück.
8550 3830 9875 3909 Hier aber bot ſich ein erſchreckender Anblick dar. Männer und
8468 3878 9879 3956 Pferde lagen dort zu Haufen gethürmt, ſkalpirt und hier und da
8470 3927 9886 3998 mit Indianerleichen untermiſcht, auf einer Anhöhe aber fand man
8473 3970 9888 4046 Cuſter ſelbſt mit ſeinen ſämmtlichen Offizieren und dem Korreſpon⸗
8475 4014 9892 4084 denten einer New⸗Yorker Zeitung. Von der ganzen Kolonne ſcheint
8476 4076 9317 4134 kein Einziger am Leben geblieben zu ſein.
8569 4107 9891 4178 Die Beerdigung der Leichen mußte mit ausgedehnten Vorſichts⸗
8479 4153 9891 4230 maßregeln vorgenommen werden, denn in der ganzen Umgegend
8480 4198 9894 4276 ſchwärmte es noch von zerſtreuten Indianerbanden, die alle Be⸗
8482 4245 9896 4322 wegungen der Amerikaner belauerten und jede Blöße und Sorg⸗
8484 4287 9896 4370 loſigkeit derſelben gewiß benutzt haben würden. Die Verwundeten
8486 4338 9899 4410 wurden auf Tragbahren, die man aus Aeſten, Moos und Laub ver⸗
8489 4383 9901 4463 fertigte, zum Big Horn⸗River zurückgeſchafft, von wo ſie an Bord
8489 4428 9903 4511 der Flußdampfer den Big Horn und Yellowſtone aufwärts zum Fort
8491 4473 9905 4549 Lincoln gelangten. Gibbons Kavallerie folgte den Indianern noch
8496 4520 9904 4591 16 Kil. weit und erkannte, daß ihr Hauptcorps in ſüdweſtlicher Rich⸗
8491 4566 9903 4644 tung abgezogen war. Die Indianer hatten mancherlei Gegenſtände,
8494 4610 9905 4688 die ſie ſich früher angeeignet, als zu beläſtigend für den Marſch
8493 4659 9907 4734 wieder weggeworfen; auch fand man viele ihrer Todten ſeitwärts am
8495 4725 9161 4782 Wege in den Gebüſchen verſteckt.
8551 4748 9907 4820 General Cuſter war ein noch verhältnißmäßig junger Offizier
8498 4790 9907 4870 von 39 Jahren. Aus der Militärſchule von Weſtpoint hervorge⸗
8499 4841 9910 4922 gangen, trat er beim Beginn des Seceſſionskrieges im Jahre 1861 in
8500 4887 9913 4963 die Armee, in welcher er es bis zum Schluſſe des Krieges zum Range
8499 4928 9913 5007 eines General⸗Majors brachte. Er war als einer der tüchtigſten
8501 4978 9914 5054 Reiter der nordamerikaniſchen Bundesarmee bekannt, hatte aber im
8502 5023 9915 5104 Indianerkriege nur geringe Erfahrung, da er nur in den Jahren 1873
8502 5071 9916 5144 und 1874 mehrmals an kleineren Unternehmungen gegen dieſelben
8503 5142 8964 5196 Theil genommen hatte.
8600 5157 9915 5235 Die Gegend, in welcher dieſe Kämpfe vorfielen, iſt felſig, unweg⸗
8506 5208 9913 5286 ſam und faſt unerforſcht. Der Little Horn mündet in den Little Big
8501 5251 9916 5333 Horn, dieſer in den Big Horn und dieſer wieder in den Yellowſtone⸗
8500 5295 9914 5381 River; parallel dem Big Horn aber fließen noch die ebenfalls mehr⸗
8508 5345 9915 5428 fach genannten Flüſſe Roſebud, Tongue und Powder⸗River. Von
8510 5391 9913 5471 drei Forts ausrückend, ſind die Truppen zu den Black Hills marſchirt,
8510 5436 9916 5516 dem Fort Ellis, welches weſtlich, Fort Laramie, welches nördlich, und
8511 5482 9920 5564 Fort Lincoln, welches öſtlich gelegen iſt. General Sherman hat über
8514 5526 9919 5608 dieſes Terrain den Ausſpruch gethan, daß er lieber noch einmal ſeinen
8515 5572 9919 5652 berühmten Marſch durch Georgien wiederholen, als vom Fort Lincoln
8516 5638 9188 5703 zum Big Horn vordringen wolle.
8612 5665 9921 5740 Am 12. Juli iſt General Crook mit 1200 Mann abermals vor⸗
8519 5709 9922 5793 gerückt, ſtieß aber auf etwa 4000 Sioux, die durch Cheyennes⸗ und
8513 5753 9928 5841 Arrapahoes⸗Indianer verſtärkt waren, und beſchloß, dieſer Ueber⸗
8521 5800 9931 5884 macht gegenüber den Kampf zu verſchieben, bis er in der Lage ſei,
8522 5849 9883 5926 mit einem wuchtigen Schlage den ganzen Aufſtand zu unterdrücken.
8619 5901 9936 5976 Neuerdings meldet ein (ſchon mitgetheiltes) Telegramm aus
8525 5942 9940 6029 Philadelphia vom 20. d. M.: „Eine große Streitkraft der
8522 5985 9937 6082 Cheyenne⸗Indianer hatte die Red Cloud Agency verlaſſen,
8527 6035 9941 6116 um ſich den feindlichen Sioux⸗Stämmen anzuſchließen, ward
8530 6082 9942 6160 aber vom General Merrit auf Eilmärſchen abgefangen und nach
8531 6127 9944 6209 der Agency zurückgetrieben. Verſtärkungen gehen ab zu den Kolonnen
8532 6187 9402 6251 des Generals Crook und Generals Terry.“
8626 6244 9949 6324 — Nach in London eingegangenen Nachrichten aus Mexiko
8535 6295 9950 6374 vom 17. d. Mts. hat Alatorre mit 400 Mann Regierungs⸗
8537 6350 9954 6432 truppen die 1300 Mann ſtarken Aufſtändiſchen unter Her⸗
8538 6399 9958 6482 nandez am 15. unweit Orizaba geſchlagen. Letztere ließen
