10176 7064
715 520 2103 591 drucker, Buchhändler, Leihbibliothekare und Inhaber von Leſe⸗
715 571 2099 639 kabineten neben der Freiheitsſtrafe auf Unterſagung ihres Ge⸗
713 637 1400 688 werbebetriebes erkannt werden.
811 672 2103 747 §. 24. Perſonen, welche es ſich zum Geſchäft machen, die
710 723 2104 796 im §. 1 Abſ. 2 bezeichneten Beſtrebungen zu fördern, oder
715 774 2105 846 welche auf Grund einer Beſtimmung dieſes Geſetzes rechts⸗
710 828 2104 899 kräftig zu einer Strafe verurtheilt worden ſind, kann von
715 873 2105 948 der Landespolizeibehörde die Befugniß zur gewerbsmäßigen
712 926 2105 1001 oder nicht gewerbsmäßigen öffentlichen Verbreitung von Druck⸗
715 979 2106 1054 ſchriften, ſowie die Befugniß zum Handel mit Druckſchriften
715 1042 1475 1103 im Umherziehen entzogen werden.
826 1081 2106 1150 Die Beſchwerde findet nur an die Aufſichtsbehörden ſtatt.
827 1140 2107 1206 §. 25. Wer einem auf Grund des §. 23 ergangenen
719 1184 2114 1260 Urtheil oder einer auf Grund des §. 24 erlaſſenen Verfügung
724 1230 2110 1312 zuwiderhandelt, wird mit Geldſtrafe bis zu eintauſend Mark,
718 1287 2110 1363 oder mit Haft oder mit Gefängniß bis zu ſechs Monaten
718 1358 897 1410 beſtraft.
831 1390 2110 1459 §. 26. Zur Entſcheidung der in den Fällen der §§. 8, 13
729 1439 2110 1515 erhobenen Beſchwerden wird eine Kommiſſion gebildet. Der
728 1489 2112 1558 Bundesrath wählt vier Mitglieder aus ſeiner Mitte und fünf
723 1542 2113 1608 aus den Mitgliedern der höchſten Gerichte des Reichs oder der
724 1609 1269 1667 einzelnen Bundesſtaaten.
837 1644 2112 1712 Die Wahl dieſer fünf Mitglieder erfolgt für die Zeit der
728 1695 2113 1764 Dauer dieſes Geſetzes und für die Dauer ihres Verbleibens in
724 1764 1138 1821 richterlichem Amte.
835 1797 2117 1866 Der Kaiſer ernennt den Vorſitzenden und aus der Zahl
728 1855 1895 1926 der Mitglieder der Kommiſſion deſſen Stellvertreter.
833 1904 2118 1970 §. 27. Die Kommiſſion entſcheidet in der Beſetzung von
723 1953 2119 2026 fünf Mitgliedern, von denen mindeſtens drei zu den richter⸗
726 2005 2119 2076 lichen Mitgliedern gehören müſſen. Vor der Entſcheidung
725 2054 2120 2123 über die Beſchwerde iſt den Betheiligten Gelegenheit zur münd⸗
727 2105 2119 2179 lichen oder ſchriftlichen Begründung ihrer Anträge zu geben. Die
732 2157 2119 2229 Kommiſſion iſt befugt, Beweis in vollem Umfange, insbeſon⸗
728 2207 2119 2279 dere durch eidliche Vernehmung von Zeugen und Sachverſtän⸗
728 2259 2119 2334 digen, zu erheben oder mittels Erſuchens einer Behörde des
729 2309 2120 2384 Reichs oder eines Bundesſtaats erheben zu laſſen. Hinſichtlich
731 2363 2120 2434 der Verpflichtung, ſich als Zeuge oder Sachverſtändiger ver⸗
731 2409 2120 2488 nehmen zu laſſen, ſowie hinſichtlich der im Falle des Unge⸗
735 2466 2121 2540 horſams zu verhängenden Strafen kommen die Beſtimmungen
734 2511 2121 2584 der am Sitze der Kommiſſion beziehungsweiſe der erſuchten
738 2563 2120 2641 Behörde geltenden bürgerlichen Prozeßgeſetze zur Anwendung.
733 2617 2122 2691 Die Entſcheidungen erfolgen nach freiem Ermeſſen und ſind
731 2689 943 2744 endgültig.
842 2721 2123 2794 Im Uebrigen wird der Geſchäftsgang bei der Kommiſſion
739 2774 2125 2842 durch ein von derſelben zu entwerfendes Regulativ geordnet,
738 2823 1906 2896 welches der Beſtätigung des Bundesraths unterliegt.
840 2875 2125 2949 §. 28. Für Bezirke oder Ortſchaften, welche durch die
734 2927 2126 2996 im §. 1 Abſ. 2 bezeichneten Beſtrebungen mit Gefahr für die
737 2977 2126 3050 öffentliche Sicherheit bedroht ſind, können von den Central⸗
739 3032 2126 3098 behörden der Bundesſtaaten die folgenden Anordnungen,
742 3081 2126 3153 ſoweit ſie nicht bereits landesgeſetzlich zuläſſig ſind, mit Ge⸗
742 3132 2126 3204 nehmigung des Bundesraths für die Dauer von längſtens
744 3199 1448 3255 Einem Jahre getroffen werden:
873 3247 2126 3316 1) daß Verſammlungen nur mit vorgängiger Genehmigung
948 3298 2128 3366 der Polizeibehörde ſtattfinden dürfen; auf Verſamm⸗
947 3350 2127 3417 lungen zum Zweck einer ausgeſchriebenen Wahl zum
951 3400 2130 3464 Reichstag oder zur Landesvertretung erſtreckt ſich dieſe
947 3465 1378 3518 Beſchränkung nicht;
885 3501 2132 3571 2) daß die Verbreitung von Druckſchriften auf öffent⸗
955 3556 2132 3618 lichen Wegen, Straßen, Plätzen oder an anderen
954 3606 1852 3672 öffentlichen Orten nicht ſtattfinden darf;
884 3653 2131 3725 3) daß Perſonen, von denen eine Gefährdung der
954 3703 2131 3773 öffentlichen Sicherheit oder Ordnung zu beſorgen iſt,
955 3757 2132 3823 der Aufenthalt in den Bezirken oder Ortſchaften ver⸗
952 3820 1359 3874 ſagt werden kann;
882 3860 2132 3929 4) daß der Beſitz, das Tragen, die Einführung und der
957 3913 2133 3976 Verkauf von Waffen verboten, beſchränkt oder an
955 3967 1883 4029 beſtimmte Vorausſetzungen geknüpft wird.
855 4029 2134 4091 Ueber jede auf Grund der vorſtehenden Beſtimmungen
756 4078 2136 4150 getroffene Anordnung muß dem Reichstage ſofort, beziehungs⸗
752 4127 2136 4197 weiſe bei ſeinem nächſten Zuſammentreten Rechenſchaft ge⸗
743 4196 1050 4252 geben werden.
859 4231 2137 4298 Die getroffenen Anordnungen ſind durch den „Reichs⸗
758 4284 2143 4350 Anzeiger“ und auf die für landespolizeiliche Verfügungen vorge⸗
750 4342 1549 4404 ſchriebene Weiſe bekannt zu machen.
855 4386 2139 4452 Wer dieſen Anordnungen oder den auf Grund derſelben
750 4433 2139 4506 erlaſſenen Verfügungen mit Kenntniß oder nach erfolgter
756 4489 2139 4557 öffentlicher Bekanntmachung zuwiderhandelt, wird mit Geld⸗
751 4541 2140 4608 ſtrafe bis zu Eintauſend Mark oder mit Haft oder mit Ge⸗
755 4596 1621 4660 fängniß bis zu ſechs Monaten beſtraft.
868 4643 2141 4706 §. 29. Welche Behörden in jedem Bundesſtaat unter der
753 4694 2141 4757 Bezeichnung Landespolizeibehörde, Polizeibehörde zu verſtehen
761 4746 2143 4812 ſind, wird von der Centralbehörde des Bundesſtaates bekannt
753 4810 935 4865 gemacht.
864 4847 2144 4912 §. 30. Dieſes Geſetz tritt mit dem Tage der Verkün⸗
762 4903 1908 4967 digung in Kraft und gilt bis zum 31. März 1881.
862 4961 2149 5024 Urkundlich unter Unſerer Höchſteigenhändigen Unterſchrift
759 5016 1648 5078 und beigedrucktem Kaiſerlichen Inſiegel.
864 5080 1805 5142 Gegeben Potsdam, den 21. Oktober 1878.
856 5151 2058 5215 Im Allerhöchſten Auftrage Sr. Majeſtät des Kaiſers:
915 5214 2040 5275 (L. S.) Friedrich Wilhelm, Kronprinz.
1367 5277 1825 5334 Fürſt v. Bismarck.
867 5487 2148 5542 Die Nummer 34 des Reichs⸗Geſetzblatts, welche von heute
763 5542 1696 5601 ab zur Verſendung gelangt, enthält unter
868 5588 2150 5643 Nr. 1271 das Geſetz gegen die gemeingefährlichen Be⸗
762 5641 2075 5709 ſtrebungen der Sozialdemokratie. Vom 21. Oktober 1878.
872 5706 1553 5763 Berlin, den 22. Oktober 1878.
991 5767 1894 5825 Kaiſerliches Poſt⸗Zeitungs⸗Amt.
1061 6011 1880 6066 Königreich Preußen.
873 6090 2158 6155 Auf Ihren Bericht vom 26. September d. J. will Ich
773 6141 2160 6205 hierdurch genehmigen, daß ſpäteſtens mit dem 31. Dezember
777 6192 2160 6249 d. J. die von der Märkiſch⸗Poſener Eiſenbahngeſellſchaft auf
771 6243 2162 6306 Grund des Privilegiums vom 21. Auguſt 1871 begebenen,
773 6294 2162 6358 mit fünf Prozent verzinslichen Prioritäts⸗Obligationen im
772 6344 2163 6407 Betrage von Drei Millionen Mark (Eine Million Thaler), ſo⸗
773 6395 2164 6458 weit dieſelben noch nicht amortiſirt ſind, zum Zweck der Herab⸗
775 6445 2164 6512 ſetzung des Zinsfußes auf vier und ein halb Prozent durch
777 6497 2162 6562 öffentliche Bekanntmachung in den im §. 11 des vorbemerkten
770 6550 2164 6613 Privilegiums vorgeſchriebenen Blättern zum 1. Juli 1879 ge⸗
762 6597 2170 6666 kündigt werden. Die Ermäßigung des Zinsfußes iſt demnächſt
2171 494 3566 568 auf den Obligationen zu vermerken. Dieſer Erlaß iſt nach
2167 550 3567 618 den Beſtimmungen des Geſetzes vom 10. April 1872 zu ver⸗
2166 616 2418 668 öffentlichen.
2281 661 2962 712 Berlin, den 11. Oktober 1878.
2282 701 3483 771 Im Allerhöchſten Auftrage Sr. Majeſtät des Königs:
2440 755 3310 819 Friedrich Wilhelm, Kronprinz.
2881 803 3459 860 Maybach. Hobrecht.
2174 853 3566 919 An den Miniſter für Handel, Gewerbe und öffentliche Arbeiten
2279 917 2844 972 und den Finanz⸗Miniſter.
2228 1007 3514 1071 Miniſterium der geiſtlichen, Unterrichts⸗ und
2479 1059 3270 1122 Medizinal⸗Angelegenheiten.
2281 1118 3569 1182 Der Oberlehrer Dr. von Fiſcher⸗Benzon am Gym⸗
2177 1169 3569 1239 naſium in Huſum iſt in gleicher Eigenſchaft an das Gym⸗
2177 1235 2884 1287 naſium in Kiel verſetzt worden.
2283 1270 3569 1336 Den Oberlehrern an der Realſchule I. Ordnung zu Aachen,
2177 1324 3567 1396 Dr. Joſeph Sieberger und Dr. Ludwig Rovenhagen
2178 1381 3224 1446 iſt das Prädikat „Profeſſor“ beigelegt worden.
2626 1607 3106 1690 Nichtamtliches.
2553 1699 3195 1763 Deutſches Reich.
2293 1763 3588 1848 Preußen. Berlin, 22. Oktober. Se. Kaiſerliche
2185 1821 3574 1888 und Königliche Hoheit der Kronprinz kam am
2178 1875 3573 1946 Sonntag Mittag von Potsdam nach Berlin und beehrte den
2177 1926 3573 1993 General⸗Feldmarſchall Grafen von Moltke mit einem Beſuche.
2185 1977 3575 2048 Demnächſt nahm Höchſtderſelbe im hieſigen Palais den Vor⸗
2185 2030 3422 2101 trag des Reichkanzlers Fürſten von Bismarck entgegen.
2292 2079 3576 2150 Nachmittags um 3 Uhr begab Sich Se. Kaiſerliche Hoheit
2187 2131 3575 2200 mittelſt Extrazuges nach Neu⸗Babelsberg und von dort nach
2186 2183 3576 2252 Glinike, woſelbſt Ihre Kaiſerlichen Hoheiten die Kronprinz⸗
2187 2235 3575 2306 lichen Herrſchaften mit Sr. Königlichen Hoheit dem Prinzen
2190 2282 3576 2356 Wilhelm der Einladung Sr. Königlichen Hoheit des Prinzen
2189 2352 2742 2408 Carl zum Diner folgten.
2294 2384 3576 2457 Geſtern Mittag um 12 Uhr wohnten Ihre Kaiſerlichen
2185 2439 3578 2510 Hoheiten der Kronprinz und die Kronprinzeſſin mit Sr. König⸗
2184 2491 3578 2563 lichen Hoheit dem Prinzen Wilhelm der Feier der Einweihung
2191 2549 3158 2610 des Victoria⸗Gymnaſiums zu Potsdam bei.
2297 2595 3579 2661 Se. Kaiſerliche Hoheit der Kronprinz nahm Abends um
2195 2652 3500 2717 6 Uhr den Vortrag des Chefs des Civilkabinets entgegen.
2279 2801 3579 2865 — Der Bundesrath hielt geſtern eine Plenarſitzung.
2193 2853 3581 2920 Den Vorſitz führte der Reichskanzler, ſpäter der Präſident des
2192 2908 3248 2974 Reichskanzler⸗Amts, Staats⸗Miniſter Hofmann.
2303 2953 3583 3024 Nach Feſtſtellung des Protokolls der vorigen Sitzung wurde
2194 3005 3583 3076 ein Schreiben des Präſidenten des Reichstags vorgelegt, betref⸗
2194 3057 3582 3129 fend die Beſchlüſſe des Reichstags zu dem Entwurf eines Geſetzes
2191 3108 3581 3183 gegen die gemeingefährlichen Beſtrebungen der Sozialdemokratie.
2189 3160 3584 3231 Der Geſetzentwurf wurde in der vom Reichstage beſchloſſenen
2196 3212 3584 3286 Faſſung angenommen. Außerdem wurden Anträge des Aus⸗
2195 3259 3585 3335 ſchuſſes für Juſtizweſen, betreffend die Vereinbarung über⸗
2195 3309 3585 3386 einſtimmender Grundſätze für die Ausführung des Geſetzes,
2197 3384 2425 3441 genehmigt.
2303 3418 3585 3484 Ein Antrag, betreffend den Abſchluß eines Abkommens
2200 3468 3587 3532 mit Großbritannien wegen Mitwirkung der beiderſeitigen Be⸗
2197 3517 3589 3590 hörden bei Ergreifung von Deſerteuren der Handelsmarine,
2199 3568 3251 3638 wurde den zuſtändigen Ausſchüſſen überwieſen.
2309 3620 3588 3687 Ausſchußberichte wurden erſtattet über a. den Erlaß von
2201 3670 3588 3742 Beſtimmungen, betreffend die Gebührniſſe der Militärkom⸗
2198 3724 3586 3790 mandos zum Zwecke der Durchführung von Abſperrungs⸗
2203 3773 3589 3845 maßregeln gegen die Rinderpeſt, b. die Koſten für den Bau
2201 3825 3590 3897 des Zollamtsgebäudes in Cuxhaven, c. die Beſetzung erledigter
2204 3885 3013 3949 Rathsſtellen bei dem Rechnungshofe.
2306 3928 3485 3995 Die bezüglichen Ausſchußanträge wurden genehmigt.
2312 3973 3592 4046 Endlich wurden einige an den Bundesrath gerichtete Ein⸗
2206 4030 3593 4106 gaben vorgelegt und den betreffenden Ausſchüſſen überwieſen,
2204 4081 3590 4153 nämlich: a. eine Eingabe der Kaufleute G. Roſenthal & Co.
2200 4134 3593 4206 zu Darmſtadt, betreffend den Eingangszoll für ſogenannte
2205 4186 3594 4257 Ruſhhüte (Binſenhüte), b. eine Eingabe der Handelskammer
2206 4237 3594 4311 zu Weſel, betreffend den Berner Vertragsentwurf eines inter⸗
2207 4290 3593 4356 nationalen Eiſenbahntransportrechts, c. eine Eingabe der ver⸗
2208 4337 3595 4412 einigten rheiniſch⸗weſtfäliſchen Pulverfabriken zu Cöln, be⸗
2207 4391 3550 4465 treffend den Transport von Schießpulver auf Eiſenbahnen.
2313 4440 3597 4512 Eine Anzahl Eingaben eingetragener Erwerbs⸗ und Wirth⸗
2208 4491 3594 4569 ſchaftsgenoſſenſchaften, betreffend den Entwurf eines Geſetzes
2209 4543 3594 4621 gegen die gemeingefährlichen Beſtrebungen der Sozial⸗
2203 4595 3595 4668 demokratie, wurde als durch den vom Bundesrath und Reichs⸗
2210 4651 3374 4723 tag angenommenen Geſetzentwurf erledigt betrachtet.
2311 4721 3597 4794 — Die vereinigten Ausſchüſſe des Bundesraths für
2213 4773 3598 4847 Juſtizweſen und für Elſaß⸗Lothringen traten heute zu einer
2212 4843 2635 4898 Sitzung zuſammen.
2315 4898 3598 4968 — Das Staats⸗Miniſterium hielt heute Mittag
2215 4965 2760 5022 um 1 Uhr eine Sitzung.
2314 5022 3599 5094 — Wiederholt taucht in den Zeitungen die Nach⸗
2213 5076 3600 5150 richt auf, daß die Regierung mit den Agnaten der
2216 5127 3600 5198 Nebenlinien des früheren Kurhauſes in Vergleichsver⸗
2213 5172 3601 5243 handlungen wegen des ſogenannten Kurfürſtlichen Hausfidei⸗
2212 5231 3599 5300 kommiſſes ſtehe. Dieſe Nachricht entbehrt der Begründung.
2217 5279 3601 5346 Seitdem die Abfindung der Kurfürſtlichen Familie im Ein⸗
2218 5332 3602 5401 verſtändniſſe mit dem gegenwärtigen Haupte derſelben, dem
2224 5388 3602 5453 Vertreter der älteren Linie, durch den bekannten Vertrag vom
2215 5433 3603 5507 Jahre 1873 feſtgeſetzt worden iſt, hat für die Regierung keine
2216 5486 3603 5557 Veranlaſſung zu weiteren Verhandlungen mit den jüngeren
2221 5538 3604 5606 Nebenlinien vorgelegen. Auch haben ſolche nach Einleitung
2225 5588 3604 5656 der von den letzteren angeſtellten Prozeſſe nicht ſtattgefunden.
2320 5662 3606 5730 — Im Hinblicke auf das Verbot der Normativbeſtim⸗
2221 5712 3605 5784 mungen vom 7. März 1877, deſſen ſtrenge Beachtung um ſo
2220 5765 3608 5837 dringender geboten erſcheint, als erfahrungsmäßig erhebliche
2224 5815 3607 5884 Beläſtigungen für das Publikum, ſowie andere öffentliche
2226 5868 3607 5937 Mißſtände aus der Zulaſſung von Ausländern, welche von
2225 5918 3608 5985 unerwachſenen Perſonen begleitet ſind, zum Gewerbebetriebe im
2227 5969 3610 6044 Umherziehen zu entſpringen pflegen, hat der Miniſter des In⸗
2227 6020 3611 6085 nern durch Cirkular vom 30. Auguſt d. J. die zuſtändigen
2228 6071 3612 6142 Provinzialbehörden wiederholt darauf hingewieſen, daß Aus⸗
2228 6124 3612 6189 ländern, welche Perſonen unter 21 Jahren unter
2229 6172 3613 6242 irgend welchem Vorwande mit ſich führen, Legi⸗
2229 6223 3614 6289 mationsſcheine zum Gewerbebetriebe im Umherziehen nicht
2232 6288 2604 6345 zu ertheilen ſind.
2330 6329 3613 6391 Demgemäß würden die betreffenden Behörden, wenn an
2233 6372 3615 6443 dieſelben Anträge von Ausländern auf Ertheilung oder Aus⸗
2234 6424 3617 6497 dehnung von derartigen Legitimationsſcheinen gerichtet werden,
2233 6478 3616 6547 in jedem einzelnen Falle, auch wenn die Bedürfnißfrage
2233 6523 3617 6597 (Nr. 2 der Bekanntmachung des Reichskanzlers vom 7. März
2237 6573 3617 6649 1877) zu Gunſten des Antrages zu entſcheiden iſt, ſorgfältig
3622 471 5018 541 zu prüfen und feſtzuſtellen haben, ob dem Antrage nicht der
3631 526 4842 598 hier in Rede ſtehende Verſagungsgrund entgegenſteht.
3731 599 5022 662 — Das ſcheinbare Mitbieten von Perſonen bei Waaren⸗
3642 649 5022 714 Auktionen, um unbetheiligte Dritte in den irrigen Glauben
3642 701 5022 769 zu verſetzen, daß der ausgebotene Gegenſtand mehr werth ſei,
3641 753 5023 816 als er wirklich werth iſt, und ſie zu höherem Gebot zu ver⸗
3642 803 5023 871 anlaſſen, iſt nach einem Erkenntniß des Ober⸗Tribunals,
3641 855 5023 923 vom 20. September 1878, als Betrug zu beſtrafen. Haben
3642 905 5025 966 dabei die Scheinbieter im Einverſtändniß mit dem Auktionator
3643 953 5023 1027 gehandelt, ſo ſind ſowohl jene als auch dieſer wegen Betrugs
3640 1003 4770 1077 reſp. wegen Theilnahme am Betruge zu beſtrafen.
3735 1082 5027 1142 — Der Bevollmächtigte zum Bundesrath, Königlich
3640 1133 5027 1202 bayeriſche Regierungs⸗Rath Herrmann iſt von Berlin ab⸗
3643 1198 3794 1253 gereiſt.
3749 1269 5028 1334 Bayern. Augsburg, 22. Oktober. (W. T. B.)
3642 1320 5029 1387 Die „Allgemeine Zeitung“ meldet: Der König hat den Pro⸗
3641 1371 5027 1439 feſſor der Theologie an der Univerſität Würzburg, Dr. Stein
3642 1427 4592 1495 zum Biſchof von Würzburg ernannt.
3747 1694 5029 1764 Oeſterreich⸗Ungarn. Wien, 21. Oktober. (W. T. B.)
3649 1748 5031 1812 Der Kaiſer hat ein Handſchreiben an den Miniſter⸗
3648 1800 5032 1865 Präſidenten, Fürſten Auersperg, gerichtet, in welchem er
3646 1849 5033 1915 mit hoher Befriedigung die Raſchheit und Pünktlichkeit an⸗
3646 1904 5033 1964 erkennt, mit welcher die theilweiſe Mobilmachung, bei der zum
3644 1949 5034 2019 erſten Male ſeit der Einführung der allgemeinen Wehrpflicht
3648 2008 5035 2070 Angehörige aller Stände und Berufsrichtungen unter
3644 2057 5034 2118 die Waffen gerufen wurden, ſich vollzogen habe. Der
3646 2109 5035 2171 Kaiſer erblickt hierin einen neuen Beweis des regen
3650 2159 5037 2224 Pflichtgefühls, der Opferwilligkeit und der Vaterlandsliebe
3651 2211 5038 2275 eines Jeden, der von der Mobilmachung betroffen wurde,
3651 2262 5038 2327 ſowie auch den Beweis der erſprießlichen Thätigkeit der Ge⸗
3651 2313 5038 2372 meinde⸗ und Verwaltungsbehörden. Der Kaiſer beauftragt
3650 2365 5039 2425 den Miniſter⸗Präſidenten, der geſammten Bevölkerung, den
3655 2416 5039 2473 Gemeindeämtern und den politiſchen Organen ſeine vollſte
3653 2467 5040 2529 Anerkennung und ſeinen Dank auszuſprechen. Gleichzeitig
3654 2519 5041 2579 dankt der Kaiſer der Bevölkerung für die ſeinem Herzen wohl⸗
3655 2571 5041 2636 thuende Theilnahme für die brave Armee und für die unbe⸗
3660 2622 5043 2686 dingte Opferwilligkeit und Fürſorge für die Familien der
3657 2676 4832 2738 Reſerviſten, wie für die Verwundeten und Kranken.
3743 2725 5041 2786 — Die „Polit. Korreſp.“ meldet: Aus Konſtanti⸗
3656 2776 5042 2841 nopel: Das zwiſchen Achmed Moukhtar Paſcha und dem
3655 2827 5042 2892 Delegirten der cretenſiſchen Nationalverſammlung
3655 2878 5041 2941 vereinbarte Pazifikations⸗Uebereinkommen iſt geſtern
3656 2929 5044 2986 der Sanktion des Sultans unterbreitet worden. Der Miniſter⸗
3658 2982 5045 3042 rath prüft ſeit einigen Tagen die Frage, ob nicht das modi⸗
3657 3032 5044 3098 fizirte engliſche Reformprojekt für Kleinaſien auch
3654 3085 5046 3149 für das geſammte türkiſche Reich anzunehmen und durchzu⸗
3654 3135 5044 3200 führen ſei. — Aus Bukareſt vom 21.: Bei dem heutigen
3656 3185 5046 3252 feierlichen Einzuge der Truppen hielten der Miniſter
3659 3237 5044 3302 Roſetti und der Bürgermeiſter Bewillkommnungsanſprachen
3657 3291 5045 3353 an den Fürſten, auf welche dieſer dankend erwiderte, der
3665 3341 5048 3411 Empfang ſei die ſchönſte Belohnung für die Armee, welche
3663 3392 5051 3457 durch ihre Tapferkeit in Bulgarien ihrem Vaterlande die
3665 3444 5049 3508 Achtung und Werthſchätzung Europas erworben hätte. Dem
3665 3495 5050 3556 Fürſten wurden vielfache Ovationen dargebracht. Die Truppen
3664 3544 5050 3609 führten 6 türkiſche Fahnen und 50 türkiſche Geſchütze als
3659 3605 4074 3658 Trophäen mit ſich.
3754 3646 5053 3703 — 22. Oktober. (W. T. B.) Wie mehrere hieſige
3667 3697 5052 3757 Blätter berichten, wird dem Unterhauſe außer der Budget⸗
3664 3748 5052 3812 vorlage auch eine Indemnitätsforderung für 25 Millionen Fl.
3663 3799 5052 3864 zugehen, um welche Summe der Okkupationskredit überſchritten
3663 3851 5053 3913 worden iſt. In Abgeordnetenkreiſen herrſcht die Anſicht vor,
3669 3902 5054 3966 das Haus werde ſich vorläufig vertagen, um eine Verſtändi⸗
3668 3953 5054 4018 gung der Fraktionen zu ermöglichen und der Bildung des
3668 4006 5055 4063 neuen Kabinets Raum zu geben. Die vom Abgeordneten
3669 4056 5057 4116 Dumba einberufene Abgeordnetenkonferenz bezweckte
3664 4103 5055 4169 hauptſächlich die Bildung einer neuen Partei⸗
3664 4159 5055 4223 fraktion aus denjenigen Mitgliedern der Linken, welche
3676 4210 5057 4271 namentlich in der auswärtigen Frage übereinſtimmen. Die
3669 4261 5056 4325 Verſammlung beſchloß, das Programm der neuen Regierung
3668 4315 5054 4377 abzuwarten und dann zahlreicher wieder zuſammenzutreten.
3669 4364 5057 4429 Bezüglich der auswärtigen Frage gab ſich faſt ausnahmslos
3672 4415 5057 4478 die Anſchauung kund, daß die Verfaſſungspartei die für den
3672 4466 5058 4526 unmittelbaren Bedarf erforderlichen Summen bewilligen müſſe,
3671 4517 5059 4578 da von einer augenblicklichen Zurückberufung der Truppen
3670 4570 5060 4632 natürlich keine Rede ſein könne. Zugleich wurde aber betont,
3671 4620 5060 4684 daß das Recht des Reichsrathes nicht dadurch verkürzt werden
3674 4672 5060 4735 dürfe, daß die Debatte über die auswärtige Politik aus⸗
3672 4723 5059 4787 ſchließlich in die Delegationen verlegt werde. Demgemäß
3665 4773 5061 4839 ſolle die Verfaſſungspartei durch Erlaß einer Adreſſe oder
3671 4825 5062 4888 in anderer Form ihr Verdikt über die geſammte Leitung
3670 4876 5060 4938 der auswärtigen Politik ausſprechen. Auch der Klub der
3671 4922 5060 4994 Fortſchrittspartei wird erſt nach erhaltener Kenntniß des Pro⸗
3666 4979 5061 5041 gramms für die Zuſammenſetzung des neuen Kabinets Stel⸗
3666 5029 5060 5096 lung nehmen. — Heute Nachmittag um 5 Uhr findet eine
3671 5085 5061 5143 von dem Miniſter von Pretis berufene Konferenz von
3672 5132 5059 5198 Abgeordneten ſtatt zur Entgegennahme von Mittheilungen
3674 5183 5062 5242 über den Stand der Kabinetskriſis. Zu dieſer Konferenz ſind
3673 5230 5065 5302 zahlreiche Einladungen an alle Fraktionen der Verfaſſungs⸗
3673 5286 5064 5353 partei und des Herrenhauſes ergangen. Pretis ſoll beabſich⸗
3674 5331 5064 5404 tigen, ſodann eine Verſammlung der geſammten Verfaſſungs⸗
3675 5391 5067 5456 partei einzuberufen, um vor derſelben ſein Programm zu ent⸗
3675 5457 3833 5498 wickeln.
3776 5489 5069 5552 — (W. T. B.) Nach Meldung des Generals Reinländer
3677 5541 5070 5608 iſt die Feſte Kladus in der Kraina am 20. d. ohne
3678 5592 5070 5658 Kampf von den Truppen beſetzt worden. Es wurden dort
3681 5643 5069 5710 1 Fahne, 3 eiſerne Kanonen und Munitionsvorräthe vor⸗
3679 5708 3882 5763 gefunden.
3782 5743 5070 5812 Peſt, 22. Oktober. (W. T. B.) Der „Standard“ läßt
3682 5796 5073 5865 ſich über den Inhalt der vom Miniſter⸗Präſidenten Tisza
3680 5846 5077 5914 in der Sonntagskonferenz der liberalen Partei
3685 5894 5070 5967 gemachten Mittheilungen telegraphiren: Oeſterreich⸗Un⸗
3679 5949 5071 6017 garn habe keine Kooperation mit Rußland zum Zweck der
3682 6000 5070 6070 Theilung der Türkei gewollt, ebenſowenig aber einen Krieg
3685 6050 5070 6118 gegen Rußland zum Zweck der Erhaltung der Türkei. Bei aller
3684 6103 5069 6170 Sympathie für die Tapferkeit der Türken habe Oeſterreich⸗Ungarn
3686 6148 5072 6220 doch keinerlei Intereſſe die Verwaltung der Türkei in Schutz
3686 6204 5072 6273 zu nehmen. Der Vertrag von San Stefano habe nicht an⸗
3681 6249 5072 6320 genommen werden können, weil derſelbe die Exiſtenz der
3684 6307 5072 6371 Türkei unmöglich gemacht haben würde. Die Okkupation
3689 6355 5072 6416 von Bosnien und der Herzegowina ſei erfolgt, um den Sla⸗
3689 6404 5073 6477 vismus zu vernichten, welcher Oeſterreich⸗Ungarn bedrohe und
3690 6456 5074 6525 um die Regeneration der Türkei zu erleichtern, falls dieſelbe
3692 6508 5076 6576 noch die Lebenskraft dazu beſitze. Die Türkei allein habe die
3691 6551 5076 6627 Unterzeichnung einer Konvention verhindert, denn Graf
5162 440 6548 518 Andraſſy ſei bereit geweſen, die Souveränetät der Pforte an⸗
5168 513 5415 578 zuerkennen.
5269 557 6562 631 Großbritannien und Irland. London, 22. Ok⸗
5167 614 6557 693 tober. (W. T. B.) Das „Reuterſche Bureau“ meldet
5166 667 6562 745 aus Simla von heute: Die Antwort des Emirs
5170 720 6559 802 iſt nicht verſöhnlich und nicht zufriedenſtellend. — Ein Telegramm
5171 768 6559 850 der „Daily News“ aus Simla, von geſtern, meldet: Der
5173 819 6561 902 Krieg mit Afghaniſtan iſt nunmehr unvermeidlich ge⸗
5173 870 6558 951 worden; die Antwort des Emirs von Afghaniſtan an den
5173 920 6558 1005 Vizekönig beſagt: „Macht, was ihr wollt, das Ende ſteht in
5173 972 6560 1053 Gottes Hand.“ Dieſelbe iſt der Regierung in London tele⸗
5175 1018 6562 1114 graphiſch gemeldet worden; die Antwort der Regierung über
5176 1068 6561 1155 das nunmehr einzuſchlagende Verfahren wird bis Mittwoch
5178 1154 5364 1206 erwartet.
5278 1198 6565 1278 Frankreich. Paris, 21. Oktober. (W. T. B.) Heute hat
5180 1252 6567 1331 im Ausſtellungsgebäude die feierliche Vertheilung
5181 1302 6569 1382 der von der Preisjury zuerkannten Preiſe ſtattgefunden. Der
5178 1353 6571 1441 Prinz von Wales, die Kronprinzen von Dänemark und Schweden,
5182 1404 6572 1484 der Graf von Flandern, der Herzog von Aoſta und der König
5185 1456 6576 1540 Franz von Spanien wohnten der Feier bei. Der Präſident
5183 1506 6577 1589 Mac Mahon hielt, umgeben von den Präſidenten der beiden
5187 1558 6577 1639 Kammern und von den Miniſtern, eine Rede, in welcher er
5189 1609 6579 1691 den Fürſten, Regierungen und Völkern für die Betheiligung
5190 1662 6582 1741 an der Ausſtellung dankte und hervorhob, daß die Ausſtellung
5189 1712 6577 1791 von 1878 trotz der tief gehenden kommerziellen Kriſis ihren
5189 1762 6576 1845 Vorgängerinnen gleich gekommen ſei, wenn ſie dieſelben nicht
5190 1814 6576 1893 übertroffen habe. Der Marſchall ſchloß ſeine Rede mit den
5188 1864 6578 1945 Worten: Die Erinnerung an die Unglücksfälle, welche unſer
5192 1916 6577 1997 Land getroffen haben, werden unter uns aufrecht erhalten und
5191 1970 6581 2048 weiter entwickeln den Geiſt der Eintracht, die vollkommene
5194 2018 6582 2104 Achtung vor den Inſtitutionen und den Geſetzen und die
5183 2070 6582 2153 heiße Liebe zum Vaterlande. Sämmtliche Mitglieder des
5196 2120 6583 2207 diplomatiſchen Corps, mit Ausnahme des ruſſiſchen Botſchaf⸗
5194 2175 6582 2257 ters, Fürſten Orloff, welcher durch Unwohlſein abgehalten
5197 2223 6583 2308 war, ſowie ein ſehr zahlreiches Publikum waren bei der Feier⸗
5196 2300 5567 2362 lichkeit anweſend.
5300 2347 6588 2430 Spanien. Madrid, 22. Oktober. (W. T. B.) Nach
5201 2400 6591 2489 hier eingegangenen Mittheilungen aus Tanger ſoll auch der
5201 2452 6590 2535 dortige diplomatiſche Vertreter der Vereinigten
5204 2503 6590 2582 Staaten von Marokkanern öffentlich inſultirt worden
5204 2554 6588 2643 ſein, ohne daß bisher von den Behörden dagegen eingeſchritten
5200 2637 5494 2686 worden wäre.
5304 2679 6595 2764 Italien. Rom, 21. Oktober. (W. T. B.) Der
5206 2727 6602 2818 Miniſter⸗Präſident Cairoli hatte heute in Monza
5208 2783 6598 2867 eine zweiſtündige Konferenz mit dem Könige und kehrte
5208 2834 6596 2923 hierauf nach Rom zurück. General Menabrea hat ſich von
5203 2905 5829 2968 Turin nach Monza begeben.
5309 2959 6597 3036 Türkei. Konſtantinopel, 21. Oktober. (W. T. B.)
5211 3012 6598 3092 Baker Paſcha hat auf ſeinen über die Beſichtigung der
5212 3057 6598 3146 Vertheidigungslinien von Tſchadalja an den Sultan
5212 3117 6596 3199 erſtatteten Bericht den Auftrag erhalten, die Werke zu ver⸗
5209 3171 6597 3250 vollſtändigen und hierzu eventuell 40 000 Mann zu ver⸗
5211 3252 5379 3296 wenden.
5316 3283 6605 3368 Rußland und Polen. St. Petersburg, 22. Ok⸗
5215 3336 6606 3423 tober. (W. T. B.) Der „Regierungsbote“ veröffentlicht
5217 3392 6610 3480 folgendes Telegramm des Gouverneurs von Beſſarabien,
5216 3437 6608 3529 Generals Schebeko an den Kaiſer, aus Ismail, vom 21. d. M.:
5220 3495 6611 3581 „Heute habe ich die Vereinigung von Rumäniſch⸗Beſſara⸗
5219 3542 6612 3623 bien mit unſerem Territorium feierlich proklamirt. Die
5221 3595 6608 3684 Zollgrenze iſt bis an den Pruth und die Donau vorgeſchoben.
5213 3644 6611 3730 Das Territorium iſt uns durch rumäniſche Delegirte offiziell
5221 3694 6613 3783 übergeben worden. Die Freude der Bevölkerung iſt grenzenlos.
5223 3749 6613 3833 Der Biſchof von Kiſchinew zelebrirte einen Gottesdienſt, in
5222 3800 6610 3886 welchem er den göttlichen Segen auf Ew. Majeſtät herabflehte.
5223 3852 6614 3930 Alle Stände der Bevölkerung gaben ihre loyalſten Gefühle für
5226 3923 5838 3986 Ew. Majeſtät zu erkennen.“
5324 3954 6619 4032 — (W. T. B.) Der „Golos“ meldet, daß in Folge
5245 4007 6614 4087 iner Vorſtellung des Zolldepartements das Finanz⸗
5225 4056 6619 4141 Miniſterium dem Reichsrathe ein Projekt vorgelegt habe,
5229 4103 6621 4193 wonach vom Jahre 1879 ab die bisher üblich geweſene zwei⸗
5227 4161 6621 4247 prozentige Extraſteuer vom Zollrubel in dem St. Peters⸗
5226 4213 6485 4297 burger und Moskauer Zollamte aufgehoben werden ſoll.
5613 4421 6235 4477 Statiſtiſche Nachrichten.
5322 4475 6624 4557 (Stat. Korr.) Unter den zahlreichen Induſtriezweigen, welche
5233 4521 6624 4600 in den zum Ober⸗Elſaß gehörigen Kreiſen Altkirch, Colmar, Geb⸗
5236 4570 6625 4646 weiler, Mülhauſen, Rappoltsweiler, Thann vertreten ſind, iſt die
5231 4617 6625 4696 Textilinduſtrie weitaus der bedeutendſte. Wie Rouen in der
5237 4661 6624 4737 Normandie, Mancheſter in England, Chemnitz in Sachſen, ſo iſt
5238 4709 6508 4784 Mülhauſen der Mittelpunkt der oberrheiniſchen Textilinduſtrie.
5328 4749 6626 4826 Als im Jahre 1798 Mülhauſen der franzöſiſchen Republik ein⸗
5239 4801 6627 4871 verleibt wurde, zählte die einſtige „freie deutſche Reichsſtadt“ ca.
5239 4851 6628 4916 6000 Einwohner. Zu jener Zeit hatte Mülhauſen eine nur
5239 4887 6630 4968 untergeordnete induſtrielle Bedeutung. Abgeſehen von einigen
5239 4940 6630 5015 Färbereien, deren „türkiſch⸗roth“ ſüddeutſchen und ſchweizer
5240 4982 6630 5054 Geweben namentlich den orientaliſchen Markt eröffnete,
5242 5021 6633 5105 exiſtirten größere Fabriken gar nicht, und die Mehrzahl
5239 5073 6631 5144 der Einwohner beſtand aus Angehörigen der Kleingewerbe, wrlche faſt
5239 5119 6633 5195 ſämmtlich als Nebenbeſchäftigung Landwirthſchaft, ſpeziell Weinbau,
5242 5166 6633 5235 trieben. Wohl exiſtirten in Mülhauſen, wie auch in Thann und den
5243 5211 6640 5281 anderen Nachbarſtädten, kleinere Unternehmer, welche theils in der
5245 5255 6633 5329 Stadt, theils in den nahe gelegenen Gebirgsthälern Webſtühle auf⸗
5239 5303 6635 5379 geſtellt hatten, deren Erzeugniſſe ſie auf den Jahrmärkten von
5241 5347 6636 5421 Colmar, Thann, Schlettſtadt, Markirch und anderen oberrheiniſchen
5247 5392 6636 5463 Städten verkauften; indeſſen vermochten dieſe Unternehmungen bis
5244 5438 6637 5513 zu Anfang unſeres Jahrhunderts ihren gewerblichen Einfluß nicht
5247 5491 6265 5551 über die Grenzen der Provinz hinaus auszudehnen.
5340 5528 6636 5602 Die ſo bedeutende Entwickelung der Mülhauſer wie der ober⸗
5248 5569 6640 5649 rheiniſchen Induſtrie überhaupt datirt aus der Zeit der Kontinental⸗
5246 5620 6639 5692 ſperre. Nach Verdrängung der engliſchen Konkurrenz fanden die
5242 5665 6638 5738 Unternehmer die gewünſchte Sicherheit für den Abſatz der gewebten
5248 5712 6639 5786 und gefärbten Stoffe und ſahen ſich dadurch zur Anlage kleinerer
5251 5755 6638 5831 Spinnereien und Webereien, namentlich in den Vogeſen, unter Be⸗
5248 5801 6640 5880 nutzung der daſelbſt zahlreich vorhandenen Waſſerkräfte, veranlaßt.
5251 5850 6639 5920 Auch die Zahl der in Mülhauſen befindlichen Webſtühle wurde ver⸗
5251 5885 6642 5966 mehrt, hauptſächlich aber wurden daſelbſt die am Oberrhein geweb⸗
5249 5938 6642 6012 ten Stoffe gefärbt, ſowie auf Hand⸗Drucktiſchen mit allerlei Muſtern
5242 6009 5411 6054 bedruckt.
5346 6029 6644 6096 Ein bedeutender Aufſchwung und namentlich eine größere Cen⸗
5253 6071 6643 6147 traliſation der oberrheiniſchen Textilinduſtrie wurde durch die Zu⸗
5255 6123 6644 6191 nahme des Verbrauchs baumwollener Stoffe, ſowie durch Benutzung
5255 6167 6645 6237 der Dampfkraft für induſtrielle Zwecke veranlaßt. An Stelle der
5254 6209 6651 6282 früheren theueren wollenen und leinenen Stoffe wurden billigere ge⸗
5256 6252 6644 6328 miſchte, ſowie rein baumwollene Gewebe gefertigt, wodurch
5255 6304 6644 6374 ſich der Kreis der Konſumenten erweiterte; und das ge⸗
5255 6350 6646 6419 ſteigerte Bedürfniß konnte wiederum durch Ausnutzung
5257 6388 6644 6462 der Vortheile, welche der Induſtrie durch die Dampf⸗
5261 6437 6646 6509 kraft geboten wurden, binnen kürzeſter Zeit befriedigt werden. Die
5260 6483 6647 6554 Anwendung von Dampfmaſchinen geſtattete die Anlage großer
5259 6529 6646 6599 Spinnereien und Webereien auch in der an Waſſer⸗Triebkräften
6635 413 8009 473 armen Ebene. So wurden auch in Mülhauſen zahlreiche Spin⸗
6635 461 8010 517 nereien und Webereien errichtet, welche ihre Erzeugniſſe unter der
6635 504 8009 567 Gunſt der modernen Verkehrsmittel — deren unmittelbare Verbin⸗
6635 549 8012 613 dung mit den im Gebirge gelegenen Fabriken außerordentlich erſchwert
6635 595 8014 654 war — alsbald weit über die Grenzen der Provinz und ſelbſt des
6638 639 8015 701 Staates hinaus verſandten und auf dem Weltmarkte eine Achtung
6639 697 7312 751 gebietende Stellung ſich eroberten.
6731 725 8015 794 Je nachdem die Fabriken in der Ebene oder im Gebirge gelegen
6639 770 8014 841 ſind, verwenden ſie zu ihrem Betriebe Waſſerkraft⸗ oder Dampfkraft⸗
6640 819 8019 884 maſchinen, oder beide zugleich, da während des Hochſommers wie
6641 862 8021 929 während ſtrenger Winter die Gewäſſer der Vogeſen wenig er⸗
6643 931 6854 979 giebig ſind.
6730 956 8017 1026 Anfang des Jahres 1877 zählte die Textilinduſtrie des Ober⸗
6639 1013 6768 1070 Elſaß:
6742 1468 8026 1529 Von ſämmtlichen ausſchließlich durch Dampfkraft getriebenen
6651 1510 8034 1580 Spindeln entfallen auf Mülhauſen allein 524 622, alſo über 90 %;
6653 1558 8030 1626 von den Webſtühlen waren 5231, d. h. 70,6 %, in Mülhauſen auf⸗
6653 1625 6789 1673 geſtellt.
6739 1648 8031 1714 Färbereien und Druckereien, deren vollendeten Leiſtungen die
6655 1694 8030 1761 oberelſäßiſche Textilinduſtrie auch noch gegenwärtig ihren wohl⸗
6654 1739 8033 1808 begründeten Ruf verdankt, und auf welche ſich die Exportfähigkeit
6656 1785 8033 1852 ihrer Produkte ſtützt, exiſtiren z. Z. 34 bezw. 18. In 11 chemiſchen
6657 1832 8034 1897 Bleichereien werden die Garne und Gewebe gebleicht. In 11 großen
6657 1877 8034 1947 Maſchinenban⸗Anſtalten und 9 Konſtruktions⸗Werkſtätten werden die
6659 1923 8034 1986 von der Spinnerei, Weberei und Druckerei benöthigten Kraft⸗ und
6658 1968 8034 2035 Werkzeugmaſchinen hergeſtellt. Die Geſammtzahl der in
6658 2014 8034 2078 der oberelſäßiſchen Textilinduſtrie beſchäſtigten Perſonen be⸗
6659 2059 8034 2123 läuft ſich auf 78 578, welchen bei normalem Betriebe,
6661 2105 8037 2172 alljährlich 42 Millionen Mark an Löhnen ausgezahlt werden. Die
6660 2151 8037 2214 über die Spinnereien und Webereien bekannten Anlagekoſten, welche
6661 2193 8036 2264 ſich für je 1 Spindel auf 36 ℳ und 1 Webſtuhl auf durchſchnitt⸗
6662 2243 8034 2306 lich 800 ℳ belaufen, und welche demnach für die Geſammtzahl der
6663 2288 8035 2356 Spindeln und Webſtühle die koloſſale Summe von 57 742 344 bezw.
6664 2335 8037 2396 25 164 000 ℳ repräſentiren, laſſen einigermaßen — in Verbindung
6663 2378 8040 2444 mit den obigen Ziffern — die induſtrielle Bedeutung und wirth⸗
6665 2424 8040 2492 ſchaftliche Kraft des alten deutſchen Kulturlandes erkennen, eine Be⸗
6664 2472 8043 2536 deutung, welche durch zahlreiche, der Textilinduſtrie ſo zu ſagen unter⸗
6667 2519 7768 2586 geordnete Hülfsgewerbe noch beträchtlich geſteigert wird.
6904 2619 7810 2676 Kunſt, Wiſſenſchaft und Literatur.
6783 2685 8047 2751 Gabriel Delafoſſe, Mitglied des Inſtituts, Profeſſor
6671 2732 8047 2796 am Muſeum und an der Fakultät der Wiſſenſchaften in Paris,
6670 2779 8048 2848 ſowie Verfaſſer eines Leitfadens der Naturgeſchichte, von Vorleſungen
6672 2824 8049 2887 über die Naturgeſchichte u. ſ. w., iſt am 14. Oktober in Paris im
6671 2869 8049 2934 Alter von 83 Jahren geſtorben. Derſelbe wurde 1857 zu Elie de
6673 2915 8050 2981 Beaumonts Nachfolger in der Abtheilung für Mineralogie in
6673 2961 8049 3024 der Akademie der Wiſſenſchaften gewählt, als dieſer zum ſtändigen
6673 3025 7153 3071 Sekretär ernannt wurde.
6755 3062 8050 3129 — „Miſcellaneen zur Geſchichte König Friedrich
6674 3110 8047 3175 des Großen“, herausgegeben auf Veranlaſſung und mit Unter⸗
6676 3155 8047 3226 ſtützung der Königlich preußiſchen Archiv⸗Verwaltung (Berlin, 1878,
6676 3200 8050 3269 Ernſt Siegfried Mittler & Sohn, Königliche Hof⸗Buchhandlung.
6673 3265 6944 3317 Preis 12 ℳ)
6771 3291 8051 3358 Eine Zuſammenſtellung ſämmtlicher Ausgaben der Werke
6678 3338 8053 3408 Friedrichs des Großen, welche den erſten Abſchnitt des vorliegenden
6681 3385 8053 3450 Buchs bildet, iſt bisher in genügender Weiſe noch nicht unternom⸗
6681 3427 8055 3492 men worden. Die vorliegende Arbeit ſetzt ſich darum die Aufgabe,
6683 3475 8056 3538 allen denen, die ſich mit der Geſchichte des großen Königs und dem
6684 3519 8056 3580 Studium ſeiner literariſchen Hinterlaſſenſchaft beſchäftigen,
6684 3563 8068 3628 ein unentbehrliches Hülfsmittel darzubieten, — ein möglichſt
6685 3606 8059 3677 vollſtändiges, ſyſtematiſch geordnetes Verzeichniß der ſämmt⸗
6686 3655 8055 3722 lichen Ausgaben und Ueberſetzungen, die von den Werken
6685 3701 8060 3770 Friedrichs des Großen vorliegen. Man iſt dabei von dem Grundſatz
6688 3747 8056 3815 ausgegangen, ſolche Schriften, die nur in den Geſammtausgaben der
6691 3792 8058 3857 „Oeuvres“ ihre Stelle gefunden haben, auch nur bei der Inhalts⸗
6689 3838 8059 3907 angabe der letzteren zu erwähnen, und bei denjenigen, die in Büchern
6689 3883 8059 3945 anderer Autoren oder in Sammelwerken veröffentlicht worden ſind,
6686 3931 8061 4002 ſich mit dem Hinweis auf die Stelle, wo der erſte Abdruck erfolgte, zu
6686 3975 8061 4049 begnügen. Dagegen richtete ſich das Beſtreben darauf, von allen
6691 4021 8062 4088 Dichtungen und Proſaſchriften des Königs, die in Separatausgaben
6692 4066 8062 4136 erſchienen, möglichſt ſämmtliche vorhandene Drucke aufzuführen. Nach
6691 4115 8064 4181 demſelben Plane durften in der Abtheilung der Korreſpondenzen nur
6691 4157 8063 4227 die größeren Briefſammlungen aufgenommen werden, von denen be⸗
6691 4211 7538 4274 ſondere Ausgaben veranſtaltet worden ſind.
6784 4249 8062 4313 Die hier in die Offentlichkeit tretende Arbeit verdankt ihre Ent⸗
6693 4296 8066 4364 ſtehung Sr. Kaiſerlichen und Königlichen Hoheit dem
6695 4340 8065 4407 Kronprinzen, Höchſtwelcher die erſte Anregung dazu gab und
6694 4387 8065 4453 die Ausführung im Einzelnen in all' ihren Stadien überwachte.
6696 4432 8066 4501 Auf Befehl Sr. Kaiſerlichen Hoheit wurde zunächſt von den in den
6696 4477 8066 4546 Königlichen Privatſammlungen befindlichen Geſammtausgaben und
6697 4522 8067 4591 Einzeldrucken der Schriften Friedrichs des Großen eine Ueberſicht
6699 4568 8067 4639 aufgeſtellt und dieſe dann von dem damit beauftragten Dr. Leithäu⸗
6696 4614 8069 4683 ſer, gegenwärtig Gymnaſiallehrer am Johanneum in Hamburg, unter
6698 4659 8073 4730 Benutzung der hieſigen Königlichen Bibliotheck und unter Heran⸗
6698 4705 8069 4776 ziehung des bibliographiſchen Materials zu dem erſten Entwurf eines
6699 4752 8071 4818 Kataloges der Fridericianiſchen Schriften und ihrer Ueberſetzungen
6700 4796 8070 4861 erweitert. Außerdem aber liehen der Geheime Archivrath Dr. Haſſel
6700 4841 8071 4907 und der Königliche Hausbibliothekar Dr. Dohme dieſem Unterneh⸗
6700 4895 7616 4954 men unausgeſetzt ihre hülfreiche Unterſtützung.
6792 4929 8073 4998 Nachdem auf ſolche Weiſe eine feſte Grundlage gewonnen, ſchien
6703 4979 8074 5047 es angezeigt, den genannten Entwurf ſämmtlichen größeren Bibliotheken
6702 5025 8073 5091 des In⸗ und Auslandes mitzutheilen und um ihre Unterſtützung in
6704 5066 8075 5139 Bezug auf Reviſion und Ergänzung deſſelben zu bitten. Mit
6705 5116 8075 5181 anerkennenswerther Bereitwilligkeit haben die Bibliotheken zu Brüſſel,
6705 5161 8075 5230 Kopenhagen, Leyden, London, Madrid, Paris, St. Petersburg, Stock⸗
6706 5208 8075 5276 holm, Turin, Venedig, Wien, Berlin, Dresden, Göttingen, München,
6707 5261 7625 5321 Stuttgart ſich dieſer Mühwaltung unterzogen.
6797 5294 8083 5363 Der zweite Abſchnitt des Buchs enthält das militäriſche Teſta⸗
6706 5345 8075 5411 ment Friedrich des Großen (vom Jahre 1768), herausgegeben und
6707 5389 8077 5452 erläutert von v. Tayſen, Major im Großen Generalſtabe, der dritte,
6713 5437 8077 5506 „Zur literariſchen Thätigkeit Friedrichs des Großen, Erörterungen
6707 5481 8078 5545 und Aktenſtücke“ betitelt, von Max Posner die Geneſis der Histoire
6709 5528 7897 5590 de mon temps und der brandenburgiſchen Denkwürdigkeiten.
6795 5585 8077 5646 — Die „Basler Nachr.“ berichten von neuen Funden von
6711 5627 8078 5698 Pfahlbauten am Neuenburger See. Unter den zahlreichen
6705 5673 8079 5744 Pfahlbaugegenſtänden, mit denen das kantonale Muſeum aus der
6708 5713 8081 5785 Station Stäffis in jüngſter Zeit bereichert worden iſt, ſind nament⸗
6713 5763 8079 5830 lich drei hervorzuheben: erſtens ein großer, ſehr wohlerhaltener
6714 5806 8080 5881 Agtſtein, vielleicht ein Unikum aus der Steinzeit; zweitens ein rei⸗
6712 5853 8081 5926 zendes goldenes Ohrgehänge, ein wahres Meiſterwerk aus dem
6713 5899 8082 5968 Bronzealter. Das dritte Objekt iſt ein Einbaum (ein aus einem
6714 5941 8084 6011 einzigen Holzſtamm gefertigtes Fahrzeug), derſelbe iſt das erſte
6713 5984 8090 6058 Kannot dieſer Art, das ganz und unverſehrt gehoben wurde. Der
6716 6030 8092 6100 Einbaum iſt aus Eichenholz, 7 m lang und 65 cm breit am Hinter⸗
6715 6080 8086 6148 theil und 55 am Vordertheil des Schiffes; dieſer läuft in eine
6715 6125 8084 6198 Spitze aus, während der Hintertheil eine abgerundete Form hat.
6715 6171 8086 6239 Die Tiefe iſt 19, die Höhe 22 — 24, die Wanddicke 6 — 8 ½ cm. Das
6708 6210 8088 6287 Innere wie das Aeußere des Kahnes hat ein halbkreisförmiges Aus⸗
6713 6283 6823 6340 ſehen.
6801 6318 8090 6387 — Fritz Wernick läßt ſeinen in dieſem Sommer heraus⸗
6715 6362 8090 6436 gegebenen, mit vielem Beifall aufgenommenen „Briefen aus Paris“,
6714 6407 8090 6482 jetzt unter dem Titel „Städtebilder“ im Verlage von Edwin
6716 6452 8091 6522 Schlömp in Leipzig eine Serie feſſelnder Bilder aus den großen
6716 6498 8092 6571 Hauptſtädten des modernen Europas folgen, Studien und Skizzen,
8080 390 9472 451 die den Wechſel der Dinge, das Werden und Vergehen, die bewegen⸗
8081 435 9470 500 den Ereigniſſe, welche ſich in dieſen Centren der europäiſchen Kultur
8083 481 9467 546 vollzogen haben, reflektiren. Gegenwärtig liegt die erſte Serie dieſer
8089 521 9477 592 „Städtebilder“, zwei Theile in einem Bande, vor. Zunächſt führt
8084 570 9478 637 uns der Verfaſſer nach Rom während des Konzils im Winter
8088 616 9475 680 1869/70, dann in das neue Rom von 1872, indem er von der Ver⸗
8087 657 9474 727 änderung erzählt, die Rom erfahren, ſeitdem es die Hauptſtadt
8086 707 9475 772 des geeinigten Italiens geworden. Paris im Herbſte 1875
8088 754 9479 811 und London im Jahre 1874 ſind der Gegenſtand der
8089 793 9479 861 Erzählung in dem zweiten Theile dieſes erſten Bandes. Es hat ſich
8089 840 9482 908 Vieles geändert, ſeit dieſe Bilder entworfen wurden. Das Rom des
8090 890 9475 950 Konzilswinters iſt heute nicht mehr vorhanden. Auch die andern
8092 934 9474 997 großen Hauptſtädte Europas, beſonders Paris, ſind in ihrer äußeren
8092 979 9480 1041 Erſcheinung und in ihrem Leben umgeſtaltet worden während der
8094 1023 9486 1087 allerletzten Jahre. Da erſcheint denn der Zweifel berechtigt, ob jene
8094 1070 9473 1129 Eindrücke einer halbvergangenen Zeit heute noch Anſpruch auf das
8094 1114 9480 1179 Intereſſe des Leſers erheben dürfen, doch wird Mancher gern jene
8094 1159 9485 1224 glänzenden Tage der jüngſten Vergangenheit durch dieſe
8095 1200 9481 1264 Studien und Skizzen in das Gedächtniß zurückrufen. Uebri⸗
8095 1250 9480 1317 gens hat der Verfaſſer, um das Vergangene mit dem Gegenwärtigen
8095 1296 9480 1361 zu vermitteln, die Eindrücke, die er bei Gelegenheit ſpäterer
8095 1341 9482 1404 Beſuche dieſer Städte gewonnen, neben jene früheren geſtellt, ſo
8095 1387 9485 1452 daß auch die neueſte Geſtaltung in ſchnell ſkizzirten Augenblicksbildern
8097 1434 9482 1496 dem Leſer vorgeführt wird. Ausdruck, Beleuchtung und Farbenton
8098 1475 9478 1540 ſind auch in dieſen Skizzen mit zeitlicher Treue, charakteriſtiſcher
8100 1521 9487 1586 Schilderung der erlebten Eindrücke und in feſſelndem Erzählerton
8099 1571 9477 1632 wiedergegeben, ſo daß der Leſer von dieſem Cyclorama intereſſanter
8101 1615 9490 1678 Städteanſichten angezogen und unterhalten werden wird. Dieſer
8104 1662 9494 1722 erſten Serie ſoll zu Oſtern 1879 eine zweite Serie von Städtebildern
8103 1706 9489 1769 folgen, welche Schilderungen von Konſtantinopel, Athen, Florenz, St.
8104 1756 9301 1816 Petersburg, Moskau, Warſchau und Newyork bringen wird.
8180 1799 9493 1858 — „Nord⸗Amerika, ſeine Städte und Naturwunder,
8106 1844 9479 1910 ſein Land und ſeine Leute“, von Ernſt von Heſſe⸗Wartegg, mit
8107 1889 9490 1951 Beiträgen von Udo Brachvogel, Bret Harte, Th. Kirchhoff, Henry de
8106 1934 9491 1992 Lamothe, Charles Nordhoff, Friedr. Ratzel, Bayard Tayler;
8108 1979 9496 2041 300 Illuſtrationen (Leipzig, Guſtav Weigel; New⸗York, S. Zickel
8106 2025 9495 2086 und E. Steiger, 1879). — Das vorliegende Werk ſchildert in an⸗
8107 2071 9494 2134 ziehender Form den nordamerikaniſchen Kontinent, das Leben und
8107 2111 9499 2179 Treiben ſeiner verſchiedenen Bewohner, ſeine Städte, Landſchaften,
8106 2161 9490 2225 Induſtrie u. ſ. w., illuſtrirt durch ca. 300 treffliche Abbil⸗
8107 2199 9493 2272 dungen in Holzſchnitt. Der bereits erſchienene erſte Band
8107 2252 9499 2316 behandelt die amerikaniſchen Oſtſtaaten: New⸗York, den
8109 2296 9498 2362 Hudſon und ſeine Romantik, Saratoga, die Adirondacks und ihr
8112 2343 9501 2407 Seengebiet, von New⸗York nach Buffalo, Buffalo und den Erieſee,
8110 2388 9506 2454 die Fälle des Niagara, Pennſylvanien und New⸗Yerſey (Philadelphia,
8111 2429 9499 2493 die Seebäder von New⸗Yerſey, die amerikaniſchen Eiſenbahnen, Oſt⸗
8115 2479 9504 2544 Pennſylvanien und die Kohlenreviere, die Gegenden der Pennſyl⸗
8116 2521 9504 2588 vaniabahn, Weſt⸗Pennſylvanien und die Petroleumregion, Waſhing⸗
8116 2571 9498 2635 ton). Auch derjenige deutſche Leſer, welcher mit dieſem Theil der
8118 2617 9497 2679 amerikaniſchen Freiſtaaten ſchon einigermaßen bekannt iſt, wird
8118 2663 9498 2726 in dieſem Buche noch viel Neues und Intereſſantes finden.
8121 2709 9498 2769 Unter den zahlreichen Original⸗Illuſtrationen ſind beſonders
8119 2754 9498 2820 diejenigen hervorzuheben, welche die allgemein noch zu
8120 2798 9503 2865 wenig gewürdigten Naturſchönheiten des nordweſtlichen Amerikas,
8121 2838 9507 2905 wie Watkins⸗Glen mit den Regenbogenfällen, die Ufer des De⸗
8121 2890 9499 2951 laware u. a. in künſtleriſcher Ausführung wiedergeben. Der Preis
8120 2935 9503 2998 des 226 Seiten groß 8° ſtarken Bandes ſtellt ſich nur auf 6 ℳ
8121 2980 9514 3047 Der zweite Band wird den großen Weſten und die Felſengebirge,
8121 3027 9502 3090 der dritte Californien, die ſpaniſchen Territorien und die Südſtaaten
8122 3071 9503 3141 ſchildern, beide ſollen raſch auf einander folgen. Das ganze Werk,
8121 3118 9503 3182 welches wegen ſeiner Ausſtattung ſich den beſten Prachtwerken würdig
8123 3177 8752 3229 anreiht, wird nur 20 ℳ koſten.
8449 3250 9173 3309 Land⸗ und Forſtwirthſchaft.
8204 3295 9521 3360 Metz, 16. Oktober. (Lpz. Ztg.) Die Weinleſe hat im
8126 3342 9520 3410 Moſelthal vergangene Woche ihren Anfang genommen. Die
8125 3385 9520 3453 Hauptweinlagen, wie Scy, Vaux St. Ruffine haben dagegen erſt mit
8126 3429 9517 3504 Beginn dieſer Woche die Leſe in Angriff genommen. Während ſonſt
8128 3476 9522 3550 in hieſiger Gegend der Weinbauer nach altem Herkommen meiſt ſchon
8128 3521 9516 3587 in den erſten Tagen des Oktober zu leſen anfängt, da ſonſt angeblich
8128 3567 9517 3633 der Wein „eintrockne“, hat die diesjährige prachtvolle, warme und
8128 3613 9521 3681 trockene Herbſtwitterung dieſelben veranlaßt, die Trauben eine oder
8129 3659 9518 3729 zwei Wochen länger hängen zu laſſen. Infolge deſſen iſt der Ertrag
8129 3705 9518 3776 qualitativ ein alle Erwartungen übertreffender. Da auch die Quan⸗
8130 3749 9520 3815 tität nichts zu wünſchen übrig läßt, ſo ſind unſere Weinbauern in
8132 3794 9521 3865 beſter Stimmung, zumal, nach den Vorjahren zu ſchließen, auch in
8136 3840 9522 3911 dieſem Jahre die Zahl der auswärtigen, meiſt altdeutſchen Weinkäufer
8131 3905 8475 3959 ſich ſteigern wird.
8532 3973 9110 4024 Gewerbe und Handel.
8245 4019 9519 4082 Nach einer Bekanntmachung der Liquidatoren der Aktien⸗
8136 4062 9518 4136 geſellſchaft für Fabrikation von Eiſenbahnbedarf
8135 4107 9518 4174 werden am 1. November cr. weitere 10 % auf die Aktien dieſer Ge⸗
8137 4151 9517 4226 ſellſchaft zurückgezahlt, ſo daß dann insgeſammt 50 % des Aktien⸗
8137 4198 9516 4270 kapitals zurückgezahlt ſind. Das Terrain in der Chauſſeeſtraße iſt
8136 4245 9522 4312 bis auf eine Parzelle verkauft, nach deren Realiſirung das ca. 9400
8137 4291 9529 4360 Qu.⸗R. große Terrain in Moabit zum Verkaufe übrig bleibt. Dem
8138 4337 9520 4406 nach dem 1. November cr. verbleibenden Aktienkapitale von 2 250 000 ℳ
8140 4379 9520 4450 ſtehen an Aktiven gegenüber ca. 1 800 000 ℳ Hypotheken, ferner
8138 4424 9522 4494 die noch zum Verkaufe ſtehenden Grundſtücke mit ca. 3 500 000 ℳ
8139 4478 8952 4543 und ſonſtige Aktiven mit ca. 340 000 ℳ
8229 4518 9522 4582 — Nach der Bilanz des Annener Gußſtahlwerks pro
8142 4563 9528 4633 1877/78 beträgt der Bruttogewinn 49 007 ℳ, der zu folgenden Ab⸗
8142 4605 9528 4678 ſchreibungen verwandt worden iſt: 24 500 ℳ auf Immobilien⸗Conto,
8141 4654 9526 4718 24 507 ℳ auf Mobilien⸗Conto. Von den Hypothekenſchulden ſind
8145 4701 9527 4763 120000 ℳ abbezahlt, ſo daß ſich das Hypotheken⸗Conto von 300 000 ℳ
8144 4755 8718 4818 auf 180 000 ℳ reduzirt hat.
8231 4789 9525 4855 — Nach dem Geſchäftsbericht der Zeitzer Eiſengießerei
8143 4835 9524 4901 und Maſchinenbau⸗Aktien⸗Geſellſchaft iſt im Betriebs⸗
8144 4877 9523 4954 jahre 1877/78 die Unterbilanz von 120 000 ℳ beſeitigt und ein
8145 4927 9527 4995 Ueberſchuß von 39 466 ℳ erzielt worden. Bei Abwicklung von
8146 4966 9529 5041 Konkurſen, bei welchen die Geſellſchaft betheiligt war, iſt ein Theil
8145 5013 9535 5084 der bei der vorjährigen Bilanz abgeſchriebenen Verluſte wieder ein⸗
8147 5063 9528 5136 gebracht, im Betrage von 72 491 ℳ, ſo daß ſich der Bruttogewinn
8145 5109 9530 5178 des vergangenen Geſchäftsjahres auf 86 975 ℳ beziffert. Aus der
8149 5154 9534 5222 Bilanz iſt zu erſehen, daß am Grundſtücks⸗ und Gebäudekonto 3 %
8147 5199 9532 5272 (auf 1 ½ Jahre) mit 18 424 ℳ abgeſchrieben ſind. Für neue Mo⸗
8147 5244 9534 5314 delle ſind 9700 ℳ ausgegeben, jedoch 22 % mit 10 319 ℳ abge⸗
8148 5289 9536 5361 ſchrieben. Die Zahl der Beamten und Arbeiter der Fabrik hat ſich
8148 5339 9042 5408 in letzter Zeit wieder auf 250 Mann erhöht.
8222 5375 9535 5444 — Der Cours für die jetzt hier zahlbaren Oeſterreichi⸗
8149 5417 9538 5499 ſchen Silber⸗Coupons iſt auf 171 ℳ 50 ₰ für 100 Fl.
8150 5484 8729 5544 öſterr. Silber erhöht worden.
8227 5514 9535 5586 — Die Liquidatoren der Antwerpener Centralbank
8149 5564 9536 5632 bringen vom 1. November ab die zweite Rate mit 40 Frcs. per
8150 5605 9537 5676 Aktie zur Rückzahlung, nachdem bisher 75 Frcs. baar und eine halbe
8150 5655 9323 5717 neue Aktie aus der Liquidationsmaſſe gezahlt worden ſind.
8240 5695 9536 5766 Leipzig, 14. Oktober. Wie das „Leipz. Tagebl.“ meldet, iſt
8152 5741 9541 5814 ſeit vorigem Sonntag für die in hieſiger Stadt für nächſtes Jahr
8152 5786 9538 5859 projektirte kunſtgewerbliche Ausſtellung ein Garantiefonds
8153 5831 9537 5902 von 150 000 ℳ vollgezeichnet. Das Centralcomité hat am 13. d. M.
8153 5875 9539 5948 den geſchäftsführenden Ausſchuß zu beſchleunigter Vornahme aller
8156 5922 9540 5989 einleitenden Schritte angewieſen, und in kürzeſter Friſt ſchon iſt zu
8156 5969 9542 6041 hoffen, daß die offizielle Aufforderung an die Gewerbetreibenden er⸗
8157 6011 9549 6088 gehen kann, die Ausſtellung zu beſchicken und auf Grund auszugeben⸗
8157 6059 9549 6125 der Anmeldeſcheine auch ihren Raumbedarf anzugeben. Im Uebrigen
8158 6105 9543 6175 waltet ſchon ſeit Monaten eine rege Thätigkeit in gewerblichen
8160 6151 9549 6220 Kreiſen, auch über Sachſen hinaus, für Anfertigung von Ausſtellungs⸗
8161 6198 9546 6267 objekten, und die Modellanſtalten der Kunſtgewerbe⸗Muſeen von
8160 6234 9549 6313 Leipzig und Dresden ſind lebhaft in Anſpruch genommen durch Auf⸗
8160 6280 9545 6359 träge für Anfertigung von Zeichnungen für Möbel, Metall⸗
8161 6353 8483 6398 arbeiten u. ſ. w.
8252 6374 9546 6443 Antwerpen, 21. Oktober. (W. T. B.) In der heutigen
8163 6415 9559 6488 Wollauktion waren 2243 Ballen angeboten, von denen 1378
8164 6473 9083 6534 Ballen verkauft wurden. Preiſe unverändert.
6639 1157 6928 1199 außer Betrieb
6647 1202 6996 1244 mit Dampfbetrieb
6647 1248 6993 1290 mit Waſſerbetrieb
6647 1291 7102 1346 mit Dampf⸗ u. Waſſer⸗
6694 1341 6816 1380 betrieb
6648 1382 7103 1431 mit ſonſtigem Betrieb
6791 1437 6995 1481 zuſammen
7092 1097 7265 1153 Fabriken
7190 1155 7218 1191 1
7165 1194 7221 1237 29
7197 1244 7217 1280 3
7173 1330 7226 1371 69
7164 1379 7222 1419 81
7140 1436 7230 1478 183
7364 1053 7443 1095 mit
7286 1099 7506 1144 Webſtühlen
7392 1147 7458 1184 60
7350 1192 7451 1229 7 411
7412 1237 7451 1272 13
7326 1324 7466 1365 18 086
7346 1373 7461 1414 5 885
7320 1428 7461 1471 31 455
7532 1096 7765 1137 Spinnereien
7665 1144 7683 1178 1
7637 1187 7691 1224 21
7655 1234 7690 1274 2
7627 1320 7694 1362 56
7668 1370 7690 1404 5
7630 1426 7692 1462 85
7880 1043 7964 1087 mit
7841 1093 8025 1135 Spindeln
7880 1138 8025 1176 23 600
7863 1184 8013 1220 581 883
7941 1225 8018 1264 380
7848 1317 8024 1358 914 909
7887 1365 8018 1401 83 182
7824 1424 8008 1459 1 603 954
