10016 7032
617 450 2013 502 rath Franz; der bayeriſche Regierungs⸗Rath Herrmann; der
616 503 2008 554 Königlich ſächſiſche Geheime Finanz⸗Rath Zenker; der würt⸗
614 554 2008 608 tembergiſche Ober⸗Regierungs⸗Rath Lutz; der badiſche Mi⸗
615 605 2007 658 niſterial⸗Rath Lepique; der heſſiſche Steuer⸗Rath Ruckels⸗
621 658 2013 706 hauſen, der mecklenburg⸗ſchwerinſche Ober⸗Zolldirektor Olden⸗
625 708 2011 758 burg, der Großherzoglich ſächſiſche Geheime Finanz⸗
620 758 2003 812 Rath Dr. Heerwart und der hamburgiſche Senator Stahmer.
719 811 2005 862 Außer dieſer Kommiſſion werden durch die Reichsver⸗
614 862 2004 914 waltung im Laufe des Januar noch weitere Kommiſſionen
622 913 2002 962 berufen werden: zum 7. Januar eine Kommiſſion in Sachen
616 963 2003 1017 der Averſenfrage der Hanſeſtädte Hamburg und Bremen; zum
622 1015 2003 1067 13. eine Kommiſſion zur Prüfung der Frage wegen Beſchäf⸗
615 1066 2002 1118 tigung jugendlicher Arbeiter in Glasfabriken und am 17. eine
614 1117 1999 1167 Kommiſſion zur Prüfung der Frage wegen Beſchäftigung
614 1164 2001 1226 jugendlicher Arbeiter in Walz⸗ und Hammerwerken. Für die
616 1220 2001 1273 ebenfalls im Januar zuſammentretende Kommiſſion zur Prü⸗
616 1270 1999 1323 fung der Frage, betreffend die ſteuerfreie Verwendung von
619 1321 2000 1374 Spiritus zu gewerblichen Zwecken, iſt noch kein Termin be⸗
617 1373 1998 1425 ſtimmt; auch ſind die Mitglieder dafür noch nicht ernannt
609 1435 774 1468 worden.
712 1498 1998 1550 — Se. Majeſtät der König haben mittelſt Aller⸗
619 1549 1997 1606 höchſten Erlaſſes vom 25. November v. J. genehmigt, daß die
616 1599 1997 1645 Amtsvorſteher bei Ausübung ihres Amtes einen Adler
614 1651 1995 1704 aus Silber oder ſilberähnlichem Metall, welcher auf der linken
612 1701 1995 1756 Bruſtſeite des Rockes oder an der Kopfbedeckung anzuheften
612 1753 1996 1807 iſt, oder auch eine Uniformmütze aus dunkelblauem Tuche mit
612 1803 1994 1858 dunkelblauem Sammetſtreifen und der preußiſchen Kokarde,
609 1855 1852 1909 über welcher der Adler zu befeſtigen iſt, anlegen dürfen.
705 1906 1991 1960 Von einer obligatoriſchen Einführung des fraglichen Amts⸗
604 1957 1987 2012 abzeichens iſt Abſtand genommen worden; die Anlegung deſſelben
604 2008 1990 2062 bleibt vielmehr dem Ermeſſen der Amtsvorſteher überlaſſen. Die
605 2059 1991 2115 Militär⸗Effektenhandlung von Mohr u. Speyer hierſelbſt —
605 2110 1991 2162 Jägerſtraße Nr. 15 — hat ſich bereit erklärt, Exemplare des
607 2162 1992 2215 Adlers in der vorgeſchriebenen Form aus verſilbertem Neu⸗
607 2213 1808 2267 ſilber zum Preiſe von 1 ℳ für das Stück zu liefern.
712 2264 1995 2314 Zu einer Abänderung der Beſtimmungen über die Amts⸗
606 2315 1992 2370 abzeichen der Gemeindevorſteher (Schulzen) hat ſich ein praktiſches
608 2366 1992 2421 Bedürfniß nicht herausgeſtellt, und bewendet es daher in dieſer
607 2417 1713 2471 Hinſicht lediglich bei den beſtehenden Vorſchriften.
708 2491 1991 2548 — Der Kaiſerliche Botſchafter Fürſt von Hohenlohe
609 2542 1988 2598 iſt von ſeinem kurzen Urlaube mit Beginn des neuen Jahres
607 2593 1991 2650 nach Paris zurückgekehrt und hat die Leitung der Botſchaft
605 2645 1053 2688 wieder übernommen.
695 2719 1988 2781 — Die Bevollmächtigten zum Bundesrath, Königlich
602 2769 1988 2825 bayeriſcher Regierungs⸗Rath Herrmann, Königlich ſächſiſcher
602 2816 1989 2877 Geheimer Finanz⸗Rath Zenker, Königlich ſächſiſcher Geheimer
604 2871 1986 2926 Juſtiz⸗Rath Held, Großherzoglich badiſcher Miniſterial⸗Rath
605 2924 1986 2977 Lepique, Großherzoglich mecklenburgiſcher Ober⸗Zoll⸗Rath
609 2972 1987 3032 Oldenburg und Großherzoglich ſächſiſcher Geheimer Finanz⸗
604 3025 1605 3080 Rath Dr. Heerwart ſind hier angekommen.
699 3099 1986 3158 — S. M. Kanonenboot „Albatroß“, 4 Geſchütze,
606 3150 1986 3205 Kommandant Korvetten⸗Kapitän Menſing I., iſt am 11. De⸗
602 3201 1978 3258 zember 1878 in Honolulu eingetroffen und beabſichtigte am
602 3252 1651 3306 26. deſſ. Mts. die Reiſe nach Apia fortzuſetzen.
705 3325 1981 3384 Bayern. Augsburg, 3. Januar. (W. T. B.) Nach
603 3376 1978 3436 einer Meldung der „Allg. Ztg.“ hat der König den Ober⸗
598 3428 1982 3486 Konſiſtorial⸗Präſidenten Dr. von Harleß ſeiner geſchwächten
601 3478 1982 3536 Geſundheit wegen in den Ruheſtand verſetzt und den zweiten
600 3529 1978 3586 geiſtlichen Rath des proteſtantiſchen Ober⸗Konſiſtoriums, Dr.
598 3581 1981 3637 Johann Mathias Meyer, zum Ober⸗Konſiſtorial⸗Prä⸗
593 3632 1024 3683 ſidenten ernannt.
697 3705 1974 3763 Sachſen⸗Coburg⸗Gotha. Gotha, 30. Dezember.
596 3755 1978 3814 (Magd. Ztg.) Der gemeinſchaftliche Landtag der
594 3806 1974 3866 Herzogthümer Coburg und Gotha iſt auf den 6. Januar hier⸗
592 3858 1975 3916 her einberufen worden. Die weſentlichſte Aufgabe deſſelben
592 3908 1976 3966 wird die Berathung der auf die Juſtizorganiſation be⸗
593 3960 1381 4013 züglichen Ausführungsgeſetze bilden.
702 4034 1978 4089 Bremen, 2. Januar. Mit dem heutigen Tage geht
605 4083 1975 4143 das Präſidium des Senats von dem Bürgermeiſter
606 4133 1881 4193 Dr. Pfeiffer auf den Bürgermeiſter Gildemeiſter über.
697 4329 1974 4389 Oeſterreich⸗Ungarn. Wien, 1. Januar. Die „Wiener
592 4375 1972 4437 Zeitung“ veröffentlicht die von den Delegationen gefaßten
594 4425 1969 4489 Beſchlüſſe. Dieſelben betreffen: 1) den gemeinſamen
593 4479 1971 4534 Staatsvoranſchlag für das Jahr 1879, nach welchem der An⸗
591 4530 1969 4591 theil Oeſterreichs an den gemeinſamen Auslagen in dieſem
590 4581 1970 4635 Jahre mit 64 029 343 Fl. präliminirt iſt; 2) das außer⸗
592 4632 1968 4689 ordentliche Heereserforderniß für die Okkupation Bosniens
591 4683 1969 4746 und der Herzegowina im Jahre 1879 (Zwanzig⸗
595 4732 1965 4793 Millionen⸗Kredit); 3) die Nachtragskredite zum
591 4784 1967 4845 gemeinſamen Staatsvoranſchlage pro 1878; 4) die
592 4834 1967 4890 Subventionirung der Flüchtlinge aus Bosnien und der
591 4885 1967 4947 Herzegowina für das Jahr 1878; endlich 5) die Schluß⸗
587 4935 1966 5000 rechnung für den gemeinſamen Staatshaushalt für das Jahr
592 4988 1966 5052 1876. Außerdem wird der Handelsvertrag mit Deutſch⸗
588 5037 1965 5098 land und die Verordnung der Miniſterien des Handels und
586 5087 1966 5150 der Finanzen vom 31. Dezember 1878, betreffend die pro⸗
589 5138 1966 5201 viſoriſche Regelung des Vertragsverhältniſſes mit
587 5189 1965 5252 Italien für die Zeit vom 1. bis einſchließlich 31. Januar
588 5241 920 5291 1879, publizirt.
685 5293 1965 5348 — 2. Januar. Die „Pol. Korr.“ meldet aus Konſtan⸗
585 5341 1965 5402 tinopel von heute: Der Sultan hat mittelſt eines beſon⸗
590 5391 1964 5451 deren Jrade die Pforte zu Verhandlungen über den
586 5441 1964 5504 definitiven Friedensvertrag mit Rußland ermäch⸗
588 5493 1963 5555 tigt. Die Pforte wird in einer an die Albaneſen gerichteten
589 5542 1964 5607 Proklamation dieſelben auffordern, der Abtretung von Pod⸗
589 5588 1963 5658 goritza und Spuz nicht hindernd entgegenzutreten, widrigen⸗
590 5639 1962 5708 falls mit Anwendung von Waffengewalt gegen ſie vorgegan⸗
588 5698 1963 5759 gen werden würde. Die türkiſch⸗griechiſche Grenz⸗
585 5746 1959 5806 regulirungskommiſſion wird in Athen zuſammentreten.
588 5791 1961 5861 — Aus Bukareſt berichtet daſſelbe Blatt: Roſetti iſt nach
585 5845 1960 5916 Rom, Demeter Bratiano nach Wien und Paris abgereiſt;
582 5896 1582 5951 beide ſind mit beſonderen Miſſionen betraut.
686 5947 1957 6009 Peſt, 1. Januar. Der „Preſſe“ wird von hier gemeldet:
582 5996 1960 6060 Dem Kronprinzen Rudolph wäre bei der am 29. Dezember
583 6047 1959 6103 in der Nähe von Besnyö abgehaltenen Jagd bald ein Un⸗
584 6098 1960 6162 glück widerfahren. Der Hund des Kronprinzen ſtürzte auf
583 6148 1957 6211 einen Eber; dieſer wendete ſich nun wüthend gegen den
584 6198 1958 6255 Hund, welcher ſich erſchreckt zwiſchen die Beine des Kron⸗
582 6250 1957 6310 prinzen verkroch. Der Kronprinz konnte wegen der verwun⸗
581 6298 1958 6362 deten Hand nicht raſch zielen und der Schuß ging fehl, lenkte
580 6349 1957 6413 aber den wüthenden Eber von der Richtung ab, ſo daß dieſer
577 6400 1956 6459 am Kronprinzen vorüber rannte. Einige Schritte davon ſtand
579 6449 1956 6512 ein Jäger, den der Eber beinahe niedermachte; das Thier
574 6499 1552 6560 durchbrach die Kette der Jäger und entkam.
2178 449 3475 509 Großbritannien und Irland. London, 3. Ja⸗
2082 505 3473 561 nuar. (W. T. B.) Dem „Standard“ wird aus Ismid,
2082 557 3472 614 vom 2. dieſes Monats., gemeldet: Durch das Berſten
2081 607 3472 662 einer 38⸗Tonnen⸗Kanone an Bord des Thurmſchiffes
2083 659 3472 712 „Thunderer“ wurden 7 Perſonen getödtet und 40 ver⸗
2080 710 3472 764 wundet. Der Thurm wurde zerſtört. — Nachrichten vom
2080 761 3471 824 Kriegsſchauplatz in Afghaniſtan zufolge, würde die
2080 813 3470 867 Kolonne des Generals Stewart am 5. d. M. in Kandahar
2078 864 2287 906 eintreffen.
2183 915 3470 968 Glouceſter, 2. Januar. Der Staatsſekretär der
2079 966 3468 1020 Kolonien, Hicks⸗Beach, hielt in einer hier ſtattgehabten
2077 1017 3468 1071 Verſammlung von Konſervativen eine Rede, in welcher
2079 1068 3466 1122 er hervorhob, die Nachrichten über den Nothſtand würden
2078 1120 3467 1172 ſehr übertrieben und für Parteizwecke ausgebeutet. Was die
2077 1170 3466 1231 politiſche Lage angehe, ſo ſei begründete Ausſicht vor⸗
2078 1222 3465 1275 handen, daß der europäiſche Frieden erhalten bleibe. England
2079 1273 3465 1330 habe an der Erhaltung des Friedens ein ebenſo großes Inter⸗
2079 1324 2966 1381 eſſe wie jeder andere europäiſche Staat.
2179 1375 3464 1429 Kalkutta, 2. Januar. Nach einer hier eingegan⸗
2071 1426 3462 1482 genen Nachricht aus Kabul hätte ſich Jacub Khan
2072 1477 3464 1531 bereit erklärt, den Truppen den Sold zu zahlen, wenn ſich der
2073 1528 3463 1583 Schah von Daud für die Truppen verbürge. Wegen der
2073 1580 3462 1635 zahlreichen Deſertionen habe Jacub Khan ferner verlangt,
2072 1631 3461 1684 daß die Offiziere und die Soldaten ihm auf den Koran den
2073 1682 3461 1737 Eid der Treue leiſten ſollten. Der Schah von Daud habe es
2071 1734 3461 1788 indeſſen abgelehnt, eine ſolche Bürgſchaft zu übernehmen, wes⸗
2071 1785 3459 1838 halb der Sold zurückgehalten wurde. Mit den Afridis und
2071 1832 3459 1891 den Kuki⸗Kheyls haben einige Scharmützel ſtattgefunden,
2070 1888 3459 1942 in welchen ſowohl die engliſchen Truppen, als auch die Gegner
2070 1939 2747 1989 unbedeutende Verluſte erlitten.
2176 2024 3458 2078 Frankreich. Paris, 30. Dezember. (Fr. C.) Die
2070 2076 3456 2130 Ergänzungswahlen zum Senat am 5. Januar bilden
2070 2126 3455 2181 im Augenblicke das Alles beherrſchende Intereſſe. Es ſind 82
2071 2177 3455 2233 Sitze wieder auszufüllen, von denen ſieben durch Todesfall,
2069 2229 3456 2284 die übrigen durch die dreijährige Mandatserneuerung erledigt
2067 2280 3454 2336 ſind. Die 37 Departements, in welchen die Wahlen ſtatt⸗
2069 2331 3452 2388 finden, haben an Senatswählern im Ganzen folgende Zahl:
2067 2383 3453 2437 Deputirte 205, Generalräthe 1064, Bezirksräthe 1376, Gemeinde⸗
2067 2434 3453 2487 Abgeordnete 14 021. Die konſervative Liſte iſt noch nicht er⸗
2066 2485 3453 2539 ſchienen. Im Allgemeinen gilt als Einverſtändniß, daß die
2066 2536 3452 2591 jetzt zurücktretenden Mitglieder der Rechten wiedergewählt
2066 2587 3450 2642 oder durch Männer von derſelben Nüance erſetzt werden. Es
2066 2638 3450 2694 ſind ihrer 58; von den übrig bleibenden 24 republikaniſchen
2066 2690 3447 2745 Sitzen iſt wohl keiner für die Konſervativen zu gewinnen.
2063 2741 3449 2796 Im Departement Bouches⸗du⸗Rhone ſtehen nicht weniger als
2064 2792 3450 2849 ſechs republikaniſche Kandidaten gegen einander im Felde,
2064 2843 3448 2895 unter ihnen Renan. — Den auf dem Mont d'Avron bei
2064 2895 3448 2952 der Belagerung von Paris gefallenen Franzoſen iſt am Jahres⸗
2063 2946 3448 3002 tage der Eröffnung des Bombardements gegen die Oſtſeite
2063 2997 2994 3050 von Paris ein Denkmal geſetzt worden.
2162 3048 3446 3104 — (Cöln. Ztg.) Am 5. Januar nehmen 16 669
2061 3099 3445 3153 Wähler an den Abſtimmungen über die Senatoren
2061 3150 3446 3206 Theil. Die Deputirten ſind verfaſſungsmäßige Senats⸗
2058 3201 3446 3259 wähler, die Senatoren aber durch die Verfaſſung
2058 3253 3445 3316 vom Senatswahlkollegium ausgeſchloſſen. Eine Anzahl
2058 3303 3445 3360 Senatoren umging dieſe Ausſchließung, indem ſie ſich zu Ge⸗
2057 3355 3444 3413 neralräthen wählen ließen und durch dieſes Mandat die Fähig⸗
2059 3405 3444 3462 keit erlangten, ihre Stimme bei der Wahl der Senatoren ab⸗
2056 3457 3444 3522 zugeben. Die Deputirten dagegen, die zu gleicher Zeit Gene⸗
2055 3502 3441 3564 ralräthe ſind, vereinigen zwei Stimmen in einer Perſon, können
2055 3558 3442 3614 aber nur eine abgeben. In den Departements, in welchen die
2055 3609 3441 3666 Erneuerung des Drittels des Senats vorgenommen wird, und
2053 3660 3441 3719 in denjenigen, wo nur Erſatzwahlen vorgenommen werden, be⸗
2053 3711 3442 3767 trägt die Anzahl der Vertreter in der Kammer 211, von denen 144
2053 3761 3440 3819 Republikaner ſind. Von dieſen ſind aber fünf Deputirte ab⸗
2051 3814 3440 3873 zuziehen, deren Wahlen verworfen wurden, ſowie Guyot
2053 3865 3439 3922 Montpayroux, der ſich gegenwärtig in einer Irrenanſtalt be⸗
2051 3915 3437 3972 findet, und zwei geſtorbene Deputirte, Billy und Mallet. Es
2052 3966 3438 4027 bleiben folglich 203 Deputirte, die als Senatswähler ſtimmen,
2059 4017 3438 4076 darunter 141 Republikaner. Drei der Deputirten jedoch, deren
2046 4068 3437 4128 Wahl verworfen worden, de Caſſagnac, de Bourgoing und
2050 4120 3433 4179 Malaſtre, wählen in ihrer Eigenſchaft als Generalräthe.
2050 4170 3437 4230 Ueberhaupt ſind 124 Deputirte zu gleicher Zeit Generalräthe,
2050 4222 3436 4279 davon 81 Republikaner. Als Generalräthe ſtimmen 52
2050 4272 3434 4332 Senatoren, 22 von der Linken und 30 von der Rechten.
2048 4323 3435 4384 Noch iſt zu bemerken, daß vier Mitglieder der Regierung
2046 4374 3436 4434 an der Wahl vom 5. Januar Theil nehmen werden: Bardoux
2045 4424 3436 4487 (Puy de Dome), de Marcère (Nord), Miniſter; Cochery (Loiret)
2046 4477 3068 4531 und Savary (Manche), Unter⸗Staatsſekretäre.
2152 4562 3435 4621 Spanien. Madrid, 2. Januar. (W. T. B.) Die
2044 4612 3433 4670 von Paris aus verbreitete Nachricht, daß ſich eine Bande von
2043 4663 3428 4721 400 Bewaffneten bei Labata in der Nähe von Barcelona
2044 4714 3431 4771 gezeigt habe, wird von gut unterrichteter Seite für unbe⸗
2031 4760 3432 4826 gründet erklärt, mit dem Hinzufügen, daß in der Provinz
2043 4814 3098 4874 Katalonien vollkommene Ruhe herrſche.
2150 4902 3431 4963 Türkei. Konſtantinopel, 2. Januar. (W. T. B.)
2041 4950 3431 5018 Bei dem anläßlich des Neujahrsfeſtes ſtattgehabten Empfange
2041 5001 3431 5063 des diplomatiſchen Corps durch den Sultan ſprach der
2043 5051 3429 5114 öſterreichiſche Botſchafter, Graf Zichy, als der Doyen des
2040 5102 3430 5166 diplomatiſchen Corps dem Sultan ſeine Genugthuung aus,
2043 5153 3428 5214 die Bemühungen des Sultans, den Frieden zu ſichern, von
2041 5204 3428 5258 Erfolg gekrönt zu ſehen. Der Sultan hob in ſeiner Ant⸗
2039 5255 3427 5312 wort hervor, er wünſche die Wohlfahrt ſeines Volkes und
2039 5305 3427 5365 freundſchaftliche Beziehungen zu allen Mächten. Sodann
2040 5356 3427 5419 richtete der Sultan einige huldvolle Worte an die einzelnen
2038 5406 3426 5460 Diplomaten. — Die Unterhandlungen wegen des
2038 5457 3426 5520 definitiven ruſſiſch⸗türkiſchen Friedensvertrages
2036 5508 3426 5569 nehmen ſeit Dienſtag einen befriedigenden Verlauf; wie ver⸗
2039 5558 3424 5625 lautet, hätte Rußland eingewilligt, daß die Kriegskoſtenentſchä⸗
2039 5609 3424 5673 digung in Papierrubeln gezahlt werde. — Die türkiſche
2037 5659 2850 5716 Flotte iſt in Ismid eingetroffen.
2142 5711 3421 5771 Serajewo, 30. Dezember. Seit geſtern erſcheint das
2036 5760 3425 5820 hieſige Amtsblatt „Boiſanskor Hercegowacke Nowine“
2034 5811 3423 5874 nicht nur in lateiniſchen, ſondern auch in cyrilliſchen Schrift⸗
2033 5862 3423 5923 zeichen. Die W. „Preſſe“ bemerkt hierüber: „Mehrere Blätter
2033 5912 3422 5976 meldeten, daß das Blatt jetzt in kroatiſcher und ſerbiſcher
2033 5958 3419 6024 Sprache herausgegeben wird, was inſofern unrichtig iſt, als
2033 6013 3422 6074 die Schriftſprache für Kroaten und Serben ganz genau die⸗
2032 6062 3417 6124 ſelbe iſt. Daß die „B.⸗H.⸗N.“ nunmehr in lateiniſchen und
2033 6113 3417 6181 cyrilliſchen Schriftzeichen erſcheint, entſpricht der Thatſache,
2031 6163 3419 6226 daß ſich ein Theil der des Leſens kundigen Bosniaken, näm⸗
2031 6213 3418 6280 lich Katholiken und Mahomedaner, der lateiniſchen, dagegen
2031 6264 3417 6328 ein anderer, und zwar der größere Theil der dortigen
2031 6310 3418 6378 Bevölkerung, Griechiſch⸗Orientaliſche und Mahomedaner,
2030 6364 3417 6427 der cyrilliſchen Schrift im gegenſeitigen Verkehr be⸗
2030 6415 3416 6475 dient. Einzelne ältere Familien des bosniſchen Adels
2030 6464 3415 6528 benützen ſogar die altcyrilliſchen, die glagolitiſchen
2030 6514 3416 6574 Schriftzeichen im brieflichen Verkehr untereinander. Die
3547 458 4940 510 neueſte Anordnung des Landeschefs in Bosnien, FZM. Her⸗
3547 509 4947 568 zog von Württemberg, bezüglich der, B.⸗H.⸗N.“ entſpricht
3547 561 4941 613 demnach nur den Kulturverhältniſſen in Bosnien und hat alſo
3545 611 4936 672 mit den Einflüſſen des Serbismus und Kroatismus nichts zu
3544 662 4939 722 thun, wovon in den ſüdſlaviſchen und ruſſiſchen Journalen
3544 713 4936 774 ſeit Monaten ſo viel die Rede war. Im Sinne der Juli⸗
3544 764 4939 822 Proklamation bei Beginn der Okkupation wie im Sinne aller
3544 816 4937 875 behördlichen Enunciationen, welche die Gleichſtellung aller
3541 867 4938 926 Konfeſſionen und Stände gewährleiſten, kennen wir jenſeits
3541 919 4940 976 der Save weder Kroaten noch Serben, ſondern nur Bosnier
3542 969 3983 1013 und Herzegowiner.“
3644 1020 4926 1081 Zwornik, 1. Januar. (Preſſe.) Gelegentlich der heu⸗
3541 1072 4933 1130 tigen Neujahrsgratulationen überreichte eine Deputation tür⸗
3539 1122 4929 1179 kiſcher Geiſtlicher dem hieſigen Stationskommando eine
3539 1173 4933 1234 Widmungsurkunde, wonach eine Moſchee, welche an
3538 1225 4931 1285 Stelle einer unter König Mathias Corvinus gegründeten
3537 1276 4930 1338 katholiſchen Kirche erbaut iſt, ihrer urſprünglichen Beſtimmung
3536 1328 4933 1389 zugeführt werden ſolle. In der Urkunde wird das ebenſo ge⸗
3534 1385 4930 1438 rechte als taktvolle Vorgehen der Militärbehörde als Motiv
3535 1430 4465 1488 dieſes ſpontanen Schrittes hervorgehoben.
3642 1505 4929 1565 Rumänien. Bukareſt, 30. Dezember. (Preſſe.) Die
3533 1555 4928 1618 Wahlen für die bulgariſche Notablen⸗Verſammlung
3532 1607 4930 1664 ſind beendet. Letzere wird am 18. Januar in Tirnowo
3529 1658 4929 1719 zur Fürſtenwahl zuſammentreten und aus 230 Mitgliedern,
3531 1708 4619 1768 darunter 75 Beamte und 30 Geiſtliche, beſtehen.
3642 1791 4928 1857 Amerika. New⸗York, 21. Dezember. (Weſ. Ztg.)
3532 1847 4928 1899 Eine Botſchaft des Präſidenten über den amerika⸗
3529 1898 4926 1957 niſchen Export, welche dem Senate zugegangen iſt, be⸗
3528 1948 4926 2010 ſagt u. A.: „In Folge des Senatsbeſchluſſes vom 5. d. M.,
3528 1999 4926 2054 der die Vorlage verlangt: „aller der bei den betreffenden Mi⸗
3527 2051 4925 2112 niſterien eingegangenen Informationen rückſichtlich der Poſt⸗
3526 2104 4923 2162 und Handelsbeziehungen zwiſchen den Vereinigten Staaten
3525 2154 4924 2213 und Südamerika, ſowie der wünſchenswerthen Schritte, die
3524 2205 4923 2264 zur Hebung und Erleichterung dieſer Beziehungen etwa vor⸗
3523 2255 4921 2314 zuſchlagen ſind“, unterbreite ich hiermit die Berichte des
3524 2307 4920 2368 Staats⸗Miniſters und des General⸗Poſtmeiſters. „Der Handel
3522 2359 4925 2420 mit dem Auslande hat uns Jahre lang wegen des durch
3522 2410 4920 2471 ihn verurſachten Abfluſſes der Edelmetalle Sorge gemacht.
3521 2461 4915 2521 Während voller 20 Jahre, bis 1877, war die Verſchiffung von
3520 2512 4923 2573 Gold gleichmäßig bedeutend, und zwar in dem Maße, daß
3519 2564 4918 2624 während der ganzen Periode der Suspenſion der Baarzahlun⸗
3520 2616 4921 2675 gen die Hoffnung zur Wiederaufnahme der letzteren völlig aus⸗
3519 2666 4916 2727 geſchloſſen lag Den im Jahre 1876 gemachten Anſtrengungen
3519 2719 4914 2776 unternehmender Bürger unſeres Landes, die ſeitdem uner⸗
3518 2770 4919 2829 müdlich fortgeſetzt wurden, iſt es gelungen, unſeren auswärtigen
3517 2821 4919 2880 Handel im Allgemeinen, beſonders aber in Fabrikations⸗
3518 2872 4921 2931 artikeln, in bedeutendem Maße auszudehnen. Zu gleicher
3516 2922 4916 2984 Zeit nahm der Import in demſelben Verhältniß ab, ſo daß
3517 2974 4915 3033 hierdurch ein vollſtändiger Umſchwung der ſo lange ob⸗
3517 3026 4911 3085 waltenden Verhältniſſe bewirkt und dem Goldabfluß ein
3516 3077 4912 3135 Ende gemacht wurde. Die offiziell: Aufſtellung der im
3514 3128 4914 3189 Handel mit dem Auslande in Betracht kommenden Werthe
3515 3179 4913 3238 wird Zeugniß davon ablegen, welche nie dageweſene
3515 3231 4910 3290 Größe die Bewegung erreicht hat, und in wie hohem Maße
3513 3282 4912 3337 hierdurch das Gemeinwohl gefördert wird. Die Mittel und
3513 3333 4914 3403 Wege, durch welche dieſer Umſchwung bewirkt worden,
3512 3384 4914 3445 müſſen in Zukunft aufrecht erhalten und befeſtigt werden,
3512 3436 4910 3497 da eine Rückkehr zu weitgehendem Import oder zu
3511 3487 4910 3548 einer beträchtlichen Abnahme im Export die Rückkehr
3511 3537 4908 3597 in die frühere Lage der ungünſtigen Handels⸗
3512 3588 4906 3650 bilanz ermöglichen würde, woraus als natürliche
3511 3639 4906 3702 Folge ein Wiedereintreten des Goldabfluſſes reſultiren müßte.
3510 3690 4907 3748 Alles, was nur irgend zur Einführung unſrer Boden⸗ oder
3510 3745 4911 3804 Fabrikationsprodukte auf neuen Märkten dienlich ſein kann,
3511 3793 4907 3853 ſollte in Ausführung gebracht werden. Im Augenblick erfreuen
3513 3844 4906 3904 ſich viele unſerer Produkte eines derartigen Vorzugs, daß ſie
3506 3895 4905 3954 überall lohnenden Abſatz finden, trotz der Nachtheile, die in
3508 3946 4904 4001 unſerer im Argen liegenden Schiffahrt und der Unvollkom⸗
3505 3997 4905 4059 menheit aller unſerer Einrichtungen im Verhältniß zu
3505 4049 4904 4106 denen unſerer Konkurrenten im Weltmarkte liegen. Wenn wir
3506 4099 4904 4157 erſt gleiche kommerzielle Facilitäten haben, können wir es
3505 4151 4903 4208 überall mit der Konkurrenz aufnehmen. In finanzieller Be⸗
3503 4201 4897 4259 ziehung iſt jetzt die Rückkehr zur Gleichſtellung mit anderen
3505 4252 4900 4311 Nationen geſetzlich angebahnt durch die Wiederaufnahme der
3503 4303 4900 4365 Baarzahlung. Es iſt von größter Wichtigkeit, daß der jetzt
3503 4350 4903 4418 glücklich erreichte Status auch zu e nem bleibenden gemacht
3502 4406 4898 4464 werde und daß unſer rapid zu ehmender Exporthandel nicht
3502 4458 4898 4513 etwa an dem Mangel der gewöhnlichen Kommunikationsmittel
3509 4508 4444 4564 mit anderen Ländern zu leiden habe....“
3603 4561 4896 4619 — 2. Januar. (W. T. B.) Die Staatsſchuld
3501 4609 4896 4669 der Vereinigten Staaten hat im Monat Dezember
3500 4661 4895 4722 vorigen Jahres um 1 234 000 Doll. zugenommen. Im
3501 4711 4896 4777 Staatsſchatze befanden ſich am 31. Dezember 224 865 000 Doll.
3503 4764 4896 4824 Baarvorrath und 4 516 000 Doll. in Papiergeld. — Der erſte
3500 4813 4894 4880 Tag der Wiederaufnahme der Baarzahlungen verlief
3499 4865 4890 4923 ohne irgend welchen bemerkenswerthen Zwiſchenfall. Eine
3499 4915 4891 4975 Zunahme der Nachfrage nach Gold hat ſich nicht gezeigt, viel⸗
3497 4966 4893 5022 mehr floſſen in den Staatsſchatz 270 000 Doll. in Gold. Die
3497 5017 4891 5074 Banken haben an dieſem Tage ebenfalls mehr Gold ein⸗
3497 5069 4892 5129 genommen, als ſie verausgabt haben. New⸗York iſt gegen⸗
3497 5119 4890 5178 wärtig der einzige Ort, welcher von der Regierung für die
3496 5169 4850 5226 Auswechſelung von Gold gegen Billets beſtimmt worden iſt.
3609 5372 4775 5429 Aus dem Wolffſchen Telegraphen⸗Bureau.
3604 5433 4877 5494 St. Petersburg, Freitag, 3. Januar, Vormittags.
3493 5484 4885 5545 Die „Agence Ruſſe“ ſchreibt: die aus Konſtantinopel einge⸗
3493 5537 4885 5588 gangenen Nachrichten ſeien befriedigender Natur. Man würde
3493 5587 4883 5640 bereits ein ſchnelles und glückliches Reſultat der Verhandlun⸗
3493 5637 4882 5696 gen über den Abſchluß des definitiven Friedensvertrages zwiſchen
3489 5686 4883 5747 Rußland und der Pforte vorausſehen können, wenn die dermalige
3489 5737 4883 5798 Lage in Konſtantinopel eine weniger bewegte wäre. — Der Kaiſer
3489 5789 4882 5848 wird die chineſiſche Miſſion nicht vor dem 10. Januar empfangen.
3488 5838 4881 5896 Der Führer derſelben beanſprucht die Vorrechte eines Bot⸗
3488 5889 4874 5948 ſchafters, während ihm in ſeinem Beglaubigungsſchreiben nur
3489 5939 4878 5998 der Titel eines außerordentlichen Geſandten beigelegt wird.
3489 5989 4878 6049 Man hat deshalb in Peking auf telegraphiſchem Wege um
3487 6039 3930 6091 Aufklärung gebeten.
3606 6224 4876 6274 Nr. 29 des „Armee⸗Verordnungs⸗Blatt“, heraus⸗
3484 6268 4873 6319 gegeben vom Kriegs⸗Miniſterium, hat folgenden Inhalt: Bekannt⸗
3483 6313 4874 6364 machung, betreffend die Gebührniſſe der zur Durchführung von Ab⸗
3483 6358 4875 6406 ſperrungsmaßregeln gegen die Rinderpeſt verwendeten Militärkom⸗
3482 6403 4869 6455 mandos und die Erſtattung der entſtandenen Mehrkoſten aus Reichs⸗
3483 6447 4258 6494 Civilfonds. Vom 12. Dezember 1878.
3565 6494 4872 6543 — Nr. 72 des „Amtsblatts der Deutſchen Reichs⸗
3482 6537 4872 6590 Poſt⸗ und Telegraphenverwaltung“ hat folgenden Inhalt:
5212 465 6610 513 Verfügungen: vom 23. Dezember 1878: Hinausſchiebung des Bei⸗
5211 510 6610 560 tritts Perus zum Allgemeinen Poſtverein; vom 28. Dezember 1878:
5216 555 6611 604 Anwendung des Eiſenbahn⸗Poſtgeſetzes auf die Eiſenbahnlinie Eutin⸗
5211 604 5336 654 Lübeck.
5302 641 6610 698 — Nr. 24 des „Archivs für Poſt und Telegraphie“, Bei⸗
5213 692 6606 745 heft zum Amtsblatt der Deutſchen Reichs⸗Poſt⸗ und Telegraphen⸗
5214 738 6610 786 verwaltung, enthält: Aktenſtücke und Aufſätze: Die neuen
5214 783 6611 840 Dienſträume des Haupt⸗Telegraphenamts in Berlin. — Die
5213 828 6608 878 Grundlagen für die Errichtung und Verwaltung von Sterbe⸗ und
5213 874 6609 925 Begräbnißkaſſen. — Zur Erinnerung an den Königlich preußiſchen
5214 918 6617 975 Ober⸗Poſtdirektor Ch. F. G. B. Wernich, geb. 1778 in Danzig. —
5215 965 6610 1015 Afghaniſtan. — Kleine Mittheilungen: Zur Literatur über den
5213 1010 6615 1059 Weltpoſtverein. — Ein Schlußwort zur Pariſer Weltausſtellung. —
5212 1057 6609 1103 Das neue Poſt⸗ und Telegraphengebäude in Swinemünde. — Elek⸗
5212 1103 6607 1153 triſche Beleuchtung für den Hausgebrauch. — Zeitſchriften⸗Ueberſchau.
5296 1148 6610 1194 — Nr. 26 des Central⸗Blatts der Abgaben⸗, e⸗
5211 1193 6610 1247 werbe⸗ und Handelsgeſetzgebung und Verwaltung in den
5211 1239 6610 1289 Königlich Preußiſchen Staaten hat folgenden Inhalt: Anzeige
5212 1284 6609 1334 der in der Geſetzſammlung und im Reichsgeſetzblatte erſchienenen
5213 1331 6607 1382 Geſetze und Verordnungen. — Allgemeine Verwaltungs⸗
5211 1374 6608 1428 gegenſtände: Bemeſſung des Wohnungsgeldzuſchuſſes. — Erhebung
5212 1422 6608 1478 von Poſtvorſchüſſen — Aus den Bureaukoſtenaverſen der unteren
5211 1467 6609 1515 Steuerſtellen zu beſtreitende Ausgaben. — Indirekte Steuern:
5214 1513 6609 1562 Erkenntniß. Brauſteuergeſetz. — Zuckerhaltige Malzſurrogate. —
5213 1559 6608 1607 Aufbewahrung außerhalb der beſtimmten Räume. — Erkenntniß.
5213 1605 6607 1660 Schuldverſchreibungſtempel. — Stempelpflichtigkeit angeblich durch
5213 1647 6526 1702 Briefwechſel geſchloſſener Verträge. — Perſonalnachrichten.
5562 1812 6281 1863 Landtags⸗Angelegenheiten.
5303 1884 6604 1930 Am 31. Dezember v. J. ſtarb zu Lübbenau der Graf Rochus
5211 1930 6607 1979 Herrmann zu Lynar, als Beſitzer der Standesherrſchaft Lübbenau
5211 1977 6145 2023 erbliches Mitglied des Herrenhauſes ſeit 1854.
5597 2135 6228 2188 Statiſtiſche Nachrichten.
5208 2370 5299 2417 fälle.
5303 2187 6606 2232 Nach Mittheilung des ſtatiſtiſchen Bureaus der Stadt Berlin
5211 2232 6606 2280 ſind bei den hieſigen Standesämtern in der Woche vom
5210 2278 6607 2324 22. bis incl. 28. Dezember cr. zur Anmeldung gekommen: 190 Ehe⸗
5207 2324 6607 2369 ſchließungen, 883 Lebendgeborene, 33 Todtgeborene und 519 Sterbe⸗
5297 2415 6607 2462 — Der Magiſtrat von Dortmund hat im November d. J. einen
5210 2461 6606 2507 Bericht über den Stand und die Verwaltung der Gemeindeangelegen⸗
5209 2507 6606 2553 heiten der Stadt Dortmund pro 1877 — 78 veröffentlicht, dem wir
5209 2553 6605 2602 Folgendes entnehmen: Die Bevölkerung der Stadt hat ſich im Jahre
5210 2598 6602 2644 1876 auf 57 798 Perſonen oder um 2,15 % vermehrt, und zwar um
5209 2644 6605 2690 768 Evangeliſche (2,31 %), 418 Katholiken (1,82 %), 3 Altkatholiken
5209 2685 6605 2743 (0,54 %), 41 Juden (4,62 %). Bei den Standesämtern wurden an⸗
5209 2735 6601 2783 gemeldet: 1875 3282, 1876 3218, 1877 3217 Geburten; 1875 2052,
5209 2781 6606 2827 1876 1676, 1877 1711 Sterbefälle; 1875 687, 1876 640, 1877 536
5209 2827 6603 2872 Eheſchließungen. An Gebäuden waren vorhanden 3913 Wohn⸗
5207 2872 6602 2920 gebäude, 1186 zu gewerblichen Zwecken dienende, 1239 ſteuer⸗
5212 2918 6601 2970 freie, zuſammen 6938; genehmigt wurde im Jahre 1877 — 78
5207 2963 6604 3010 der Neubau von 11 Wohnhäuſern und 104 Hinterhäuſern,
5210 3009 6599 3057 Fabriken und Anbauten und 50 kleinere Um⸗ und Reparaturbauten,
5210 3055 6601 3103 gegen 55 bzw. 109 und 119 im Vorjahre. Die Land⸗ und Garten⸗
5207 3100 6599 3146 wirthſchaft, welche ſeit 1871 ſehr zurückgegangen war, hat in den
5210 3146 6601 3192 beiden letzten Jahren einen erfreulichen Aufſchwung genommen; die
5207 3191 6599 3237 Arbeiter haben ſich wieder daran gewöhnt, ihren Bedarf an Acker⸗
5210 3233 6600 3282 und Gartenfrüchten möglichſt ſelbſt zu ziehen. Dagegen iſt eine
5209 3283 6598 3329 Beſſerung der gedrückten Lage der ſämmtlichen Handels⸗ und
5211 3328 6599 3373 Gewerbezweige nicht eingetreten. An Briefen kamen in Dort⸗
5209 3374 6599 3421 mund im Jahre 1876 2 654 208, 1877 dagegen nur 2 489 958 an;
5210 3419 6599 3465 es gingen von dort ab 2 794 644 bzw. 2 715 858. Auch der
5208 3464 6597 3511 telegraphiſche Verkehr hat abgenommen: 1876 36 400 auf⸗
5212 3510 6599 3556 gelieferte Depeſchen, 1877 34 098, 1876 39 785 ange⸗
5207 3556 6602 3601 kommene Depeſchen. 1877 38 694. Ebenſo war der Eiſenbahnverkehr
5205 3601 6601 3654 auf ſämmtlichen Dortmund berührenden Bahnen geringer als im
5204 3647 6602 3695 Vorjahre. Die Allgemeine gewerbliche Unterſtützungskaſſe hatte
5204 3692 6601 3739 40 976 ℳ Einnahme und 48 841 ℳ Ausgabe, erforderte mithin
5206 3737 6599 3784 einen Zuſchuß von 7865 ℳ, ihre Mitgliederzahl war von 3276 in
5206 3783 6598 3830 1876 auf 2616 geſunken. Die Bagatellprozeſſe (26 186) hatten ſich
5204 3828 6598 3875 um 2384 gegen das Vorjahr vermehrt, die Konkurſe (81) um 27,
5204 3874 6597 3920 die Subhaſtationen (580) um 241, dagegen hatten die Unterſuchun⸗
5206 3919 6596 3966 gen ſich vermindert. Vom Magiſtrat wurden 108 Gewerbeſtreitſachen
5205 3966 6209 4013 verhandelt und davon 65 durch Verg eich erledigt.
5295 4011 6596 4058 Das Kapitalvermögen der Stadt belief ſich Ende des Rechnungs⸗
5203 4056 6595 4102 jahres 1877 — 78, ausſchließlich der zur Tilgung der Gymnaſialbau⸗
5203 4102 6594 4148 ſchuld angeſammelten Raten, auf 442 552 ℳ, gegen 501 277 ℳ Ende
5204 4147 6596 4194 1876 — 77, die Schulden auf 5 298 779 ℳ Zur Einkommenſteuer
5203 4192 6599 4240 waren 665 Steuerpflichtige mit 133 740 ℳ (im Durchſchnitt 201 ℳ)
5203 4237 6598 4285 veranlagt, gegen 544 Steuerpflichtige mit 130 554 ℳ (durchſchnittlich
5203 4282 6598 4328 240 ℳ) in 1876 — 77. Zur Klaſſenſteuer waren 15 829 Steuer⸗
5201 4329 6597 4377 pflichtige mit 133 206 ℳ (durchſchnittlich 8,41 ℳ) veranlagt, gegen
5204 4374 6595 4422 16 772 mit 140 715 ℳ (durchſchnittlich 8,30 ℳ) im Vorjahre.
5202 4419 6596 4467 Die Grundſteuer brachte 16 174 ℳ, gegen 16 020 ℳ im
5200 4464 6594 4511 Vorjahre; die Gebäudeſteuer 65 760 ℳ, gegen 58 853 ℳ im Vor⸗
5200 4510 6595 4555 jahre; die Gewerbeſteuer vom ſtehenden Betriebe von 2097 Gewerb⸗
5200 4556 6595 4601 treibenden 63 957 ℳ, gegen 2221 Gewerbtreibende und 75 549 ℳ im
5200 4601 6593 4649 Vorjahre; an Hauſirgewerbſcheinen wurden 196 ausgegeben, gegen
5202 4646 6591 4694 100 im Vorjahre. Die geſammten Staatsſteuern betrugen 412 242 ℳ,
5201 4692 6593 4739 pro Kopf 7,51 ℳ, 1876: 394 774 ℳ = 6,84 ℳ pro Kopf. An
5200 4732 6593 4789 Kommunalſteuern wurden erhoben: 200 % Zuſchlag zur Staats⸗
5203 4782 6594 4831 Einkommen⸗ und Klaſſenſtener (gegen 233 ⅓ % in 1876) = 610 170 ℳ
5200 4828 6593 4877 und Hundeſteuer 10 733 ℳ; an Schulſteuern 12,5 % der Einkommen⸗
5200 4873 6593 4925 und Klaſſenſteuer für die evangeliſchen Schulen = 165 609 ℳ,
5202 4918 6594 4966 133 % der Gebäude⸗, Grund⸗, Einkommen⸗ und Klaſſenſteuer
5200 4963 6593 5011 = 96 136 ℳ für die katholiſchen und 64 % der Einkommenſteuer
5198 5004 6591 5053 und Klaſſenſteuer = 5956 ℳ für die jüdiſchen Schüler. Die Kirchen⸗
5201 5052 6591 5105 ſteuern beliefen ſich auf 10 — 80 % Zuſchzag zar Klaſſen⸗ und Ein⸗
5199 5094 6591 5140 kommenſteuer. — Das Gymnaſium wurde Oſtern 1878 von 625
5199 5143 6592 5193 Schülern beſucht, die Gewerbeſchule (höhere Bürgerſchule) von 402,
5197 5188 6591 5238 die höhere Mädchenſchule von 363 Schülerinnen, die evangeliſchen
5200 5233 6591 5282 Elementarſchulen von 4789, die katholiſchen von 3854 Schülern, die
5198 5279 6590 5325 jüdiſche Elementarſchule von 96, die Privatſchulen von 250 Schülern
5200 5325 6589 5373 und Schülerinnen, insgeſammt 10 379. Die Zahl der unterſtützten
5195 5367 6588 5419 Armen iſt von Ende 1876 bis Ende März 1878 von 1131 auf 1601,
5195 5412 5653 5462 alſo um 469, geſtiegen.
5282 5460 6590 5516 — (E. C.) Aus dem „Catholic Diary“ für 1879 geht hervor,
5195 5502 6589 5552 daß jetzt in Großbritannien 21 Erzbiſchöfe und Biſchöfe, 2175
5191 5543 6587 5600 Prieſter und 1386 Kirchen den Katholiken gehören. Gegen das Vor⸗
5195 5592 6585 5648 jahr zeigt ſich eine Vermehrung von 39 Prieſtern und 38 Kirchen.
5197 5639 6587 5688 In Schottland ſind 6 Biſchöfe, 272 Prieſter und 264 Kirchen oder
5194 5683 5370 5727 Kapellen.
5429 5731 6347 5778 Kunſt, Wiſſenſchaft und Literatur.
5307 5780 6585 5829 Dr. Tholozan, der Leibarzt des Schahs von Perſien, or⸗
5193 5824 6585 5875 ganiſirt der „Nature“ zufolge eine wiſſenſchaftliche Erfor⸗
5193 5870 6583 5921 ſchung der Provinz Khuziſtan im Süden Perſiens. Die Ex⸗
5191 5915 6310 5963 pedition wird am 1. Februar von Baſſorah aufbrechen.
5284 5961 6584 6009 — Die Rombergſche „Zeitſchrift für praktiſche Bau⸗
5190 6002 6584 6053 kunſt“ (Berlin, Verlag von Julius Engelmann) hat, ſeit
5190 6048 6582 6097 Baurath Dr. O. Mothes vor Jahren die Redaktion über⸗
5188 6095 6581 6152 nahm, das Hauptaugenmerk auf das Gebiet des Hochbaues gerichtet, und
5188 6144 6580 6193 aus den verwandten Fächern des Ingenieurweſens nur auf ſolche Dinge,
5188 6184 6579 6231 welche mit dem Hochbau in irgend welcher Verbindung ſtanden. Selb⸗
5188 6223 6578 6277 ſtändige, in ſich abgerundete Originalaufſätze, bautechniſche und baukünſtle⸗
5187 6271 6577 6331 riſche Notizen, Mittheilungen aus Vereinen, Schulen und Aus⸗
5188 6317 6580 6366 ſtellungen, Literaturberichte und Referate über den Baumaterialien⸗
5186 6362 6578 6411 markt nahmen dieſe Richtung an und bewieſen, daß man auch bei
5188 6407 6576 6458 Begrenzung auf einen Zweig des Bauweſens dennoch hohe Vielſeitig⸗
5187 6451 6576 6501 keit entwickeln kann, was durch den ſtetig wachſenden Leſerkreis des
5186 6495 6577 6545 Blattes anerkannt worden iſt. Die Redaktion dieſer Zeitſchrift geht
5185 6543 6563 6592 mit dem jetzt beginnenden 39. Jahrgange in die Hände des Regie
6678 466 8069 515 rungs⸗ und Bauraths, Profeſſor Schwatlo in Berlin über. — Der
6680 512 8070 562 Preis von 15 ℳ per Jahrgang für 24 ſtarke Nummern Textes
6681 558 8068 607 in Folio und 36 — 40 Tafeln Zeichnungen bleibt auch ferner in Kraft.
6772 603 8069 652 Stockholm, 28. Dezember. (Hamb. Corr.) Das Miniſterium
6680 644 8068 703 des Auswärtigen hat heute von dem ſchwediſch⸗norwegiſchen
6680 688 8069 742 Konſul in New York ein vom 11. d. M. datirtes Schreiben
6682 739 8068 791 erhalten, in welchem es heißt, daß „die kürzlich vom arktiſchen Ozean
6682 780 8069 844 nach San Francisco zurückgekehrten Wallfiſchfänger berichten, ein
6680 830 8068 881 vom Eiſe eingeſchloſſenes Schiff bei Oſtkap („Eaſt Cape“) geſehen zu
6680 874 8068 925 haben, welches, wie ſie ſämmtlich annahmen, ein größeres zur ſchwe⸗
6679 921 7830 972 diſchen Polarexpedition gehörendes Fahrzeug war.“
7005 993 7723 1042 Land⸗ und Forſtwirthſchaft.
6770 1052 8067 1102 Durch Bekanntmachung der Regierung zu Frankfurt a. O. vom
6682 1097 8068 1146 1. Januar d. J. ſind fernerweit nachſtehend benannte Ortſchaften
6679 1143 8067 1192 des Regierungsbezirks, nachdem die erforderlichen Desinfektionen
6679 1189 8067 1236 ausgeführt reſp. Erkrankungen unter dem Vieh innerhalb der vor⸗
6679 1234 8067 1284 geſchriebenen Friſt nicht vorgekommen ſind, für ſeuchenfrei
6679 1279 6978 1319 erklärt worden:
6769 1325 8066 1373 I. Kreis Königsberg: 1) am 27. v. M. Nabern, 2) am 27. v. M.
6677 1371 8066 1420 Zicher, 3) am 30. v. M. Alt⸗Cüſtrinchen, 4) am 30. v. M. Alt⸗
6680 1416 8066 1466 Schaumburg, 5) am 30. v. M. Schwanenhof, 6) am 31. v. M.
6679 1462 7437 1510 Cüſtrin, 7) am 31. v. M. Güſtebieſe.
6768 1508 8066 1556 II. Kreis Landsberg: 1) am 20. v. M. Spiegel, 2) am 20. v. M.
6678 1553 7991 1601 Vietz, 3) am 28. v. M. Brieſenhorſt, 4) am 28. v. M. Tamſel.
6768 1599 8067 1648 III. Kreis Lebus: 1) am 24. v. M. Schönfließ, 2) am 27. v. M.
6678 1644 8066 1687 Ortwig, 3) am 28. v. M. Hathenow, 4) am 30. v. M. Lebus mit
6679 1691 6812 1734 Looſen.
6768 1736 7821 1788 IV. Kreis Weſt⸗Sternberg: am 30. v. M. Storkow.
6768 1782 8060 1832 Die über die verſeuchten Ortſchaften und Gehöfte verfügten
6678 1827 7180 1873 Sperren ſind aufgehoben.
6770 1873 8065 1920 Meiningen, 2. Januar. Die von mehreren Blättern in den
6678 1919 8065 1966 letzten Tagen verbreitete Nachricht von dem Ausbruch der Rinder⸗
6678 1964 8050 2013 peſt in zwei Orten des Herzogthums entbehrt jeden Grundes.
6772 2010 8066 2058 — Im Regierungsbezirk Hannover kann die Ernte, ob⸗
6678 2055 8065 2100 wohl dieſelbe in Folge der andauernden Näſſe hinter den gehegten
6679 2102 8066 2151 Erwartungen zurückgeblieben iſt, dennoch als eine gute Mittelernte
6678 2147 8067 2197 bezeichnet werden. Der Weizen iſt durchſchnittlich gut gerathen,
6679 2193 8066 2242 Roggen und Gerſte lieferten einen normalen, Hafer, Gartengewächſe,
6678 2238 8068 2287 Obſt und insbeſondere Futterkräuter ſtellenweiſe einen ſehr reichen
6679 2285 8068 2333 Ertrag. Der Buchweizen hat in den Moor⸗ und Sandgegenden
6678 2330 8067 2378 nicht überall eine Mittelernte ergeben. Ganz über Erwarten ſchlecht,
6680 2375 8064 2424 faſt mißrathen ſind die Kartoffeln, welche auch noch durch Mäuſe⸗
6678 2421 8068 2471 fraß nicht unbedeutend gelitten haben. Die Zuckerrüben ſind groß,
6679 2467 7630 2515 haben aber verhältnißmäßig wenig Zuckergehalt.
7077 2550 7646 2598 Gewerbe und Handel.
6768 2611 8067 2657 Bei der Berliniſchen Lebens⸗Verſicherungsgeſell⸗
6679 2656 8066 2704 ſchaft ſtellt ſich der im Jahre 1879 an die mit Anſpruch auf Divi⸗
6676 2702 8064 2749 dende Verſicherten zu vertheilende Gewinn für 1874 auf 392 000 ℳ,
6676 2747 8065 2795 die Prämienſumme der Theilnahmeberechtigten beträgt 1 568 000 ℳ,
6677 2793 7581 2844 ſo daß die Dividende ſich auf 25 % berechnet
6768 2835 8045 2889 — Die erſte Rückzahlung auf die Aktien der in Liquidation be⸗
6677 2885 8059 2931 findlichen Tabaks⸗Aktiengeſellſchaft Prätorius wird, wie
6676 2930 8054 2976 die „B. Börſ. Ztg.“ meldet, mit 40 % des Nominalwerthes der
6675 2976 7309 3025 Aktien zum 15. d. M. erfolgen.
6771 3022 8061 3071 — Die Deputation für Kredit⸗ und Nachlaßſachen des hieſigen
6675 3067 8061 3117 Stadtgerichts beſtätigte geſtern den von Dr. Strousberg mit ſeinen
6674 3113 7351 3159 Gläubigern geſchloſſenen Akkord.
6757 3158 8055 3204 — Nach einer Mittheilung, welche M. S. Phillips Bevau an
6674 3204 8056 3250 die „Times“ richtet, betrug im Jahre 1877 die Zahl der Arbeits⸗
6672 3250 8060 3296 einſtellungen in Großbritannien 181, im abgelaufenen
6672 3296 8060 3343 Jahre 1878 aber nicht weniger als 277. Die einzelnen Gewerke ſind
6671 3341 8059 3387 daran mit folgenden Zahlen betheiligt: Bergwerke und Steinbrüche
6672 3382 8059 3432 66 (Kohlenbergleute 58, Kupfergrubenarbeiter 1, Eiſenſteinarbeiter 1,
6672 3432 8059 3479 Steinbrecher 6). Eiſen⸗ und Metall⸗Induſtrie 39 (Keſſelſchmiede 4,
6672 3478 8059 3524 Kettenarbeiter 2, Maſchinenarbeiter 2, Schlämmer und Former
6671 3523 8056 3576 20, Nagelſchmiede 2, Eiſenſchiffsbauer 6, Weißblecharbeiter 1,
6673 3568 8057 3616 Meſſerſchmiede 2). Baugewerbe 77 (Bauhandlanger 3, Stein⸗
6672 3614 8057 3661 ſetzer 5, Zimmerleute und Tiſchler 16, Maurer 31,
6672 3656 8059 3710 Stuckateure 6, Maler 6, Bleiarbeiter 5, Schieferdecker, Kunſttiſchler 1,
6670 3701 8054 3755 Lattenſchneider 1). Bekleidungsgewerke 7 (Schuh⸗ und Stiefelmacher 4,
6670 3752 8057 3798 Hutmacher 1, Schneider 2). Textilinduſtrie 58 (Baumwollenarbeiter
6670 3797 8054 3845 42, Strumpfweber 3, Flachsarbeiter, Spitzenarbeiter 1, Seiden⸗
6671 3843 8056 3889 arbeiter 1, Wollenarbeiter 8). Töpferei und Glasinduſtrie 8 (Glas⸗
6671 3887 8052 3934 arbeiter 8). Landwirthſchaft 5 (Feldarbeiter 5). Lebensmittel⸗
6669 3933 8053 3980 gewerbe 2 (Fleiſcher 1, Zuckerbäcker 1). Verſchiedene Gewerbe 15
6668 3979 8054 4025 (Holzhacker 1, Marinearbeiter 1, Eiſenarbeiter 1, Setzer 1, Ma⸗
6669 4025 8053 4071 troſen 2, Fiſcher 1, Wagenbauer 1, Fuhrleute 1, Toilettenmacher 3,
6669 4070 8053 4116 Tabakspfeifenmacher 1). Macht in Summa 277 Strikes, denen
6669 4116 8052 4163 gegenüber die 45 in anderen Ländern ſtattgehabten Arbeitseinſtellungen
6669 4161 8049 4206 kaum ins Gewicht fallen. Frankreich zählt dabei mit 21, Indien 1,
6668 4207 8052 4253 Auſtralien 5, Canada 2, Vereinigte Staaten (unvollſtändig) 11.
6669 4252 8052 4299 Deutſchland figurirt in dieſer Reihe nicht, weil hier während 1878
6668 4298 8052 4344 kein nennenswerther Steike zu verzeichnen geweſen iſt. Im Ganzen
6667 4342 8050 4389 haben alſo während des abgelaufenen Jahres 317 ſolcher Arbeiter⸗
6667 4389 8050 4435 kämpfe ſtattgefunden, von denen nur 4 zu Gunſten der Arbeiter ent⸗
6669 4434 8052 4480 ſchieden, 17 durch Vergleiche beigelegt wurden, während die Arbeiter
6666 4480 7203 4524 in 256 Strikes unterlagen.
6756 4523 8049 4578 Philadelphia, 29. Dezember. (Times.) Die Wiederauf⸗
6666 4569 8049 4616 nahme der Baarzahlungen iſt ohne irgend welche finan⸗
6665 4614 8050 4662 zielle Störung abgelaufen. Der Staatsſchatz wird die Baar⸗
6665 4661 8048 4707 zahlungen am Donnerſtag wieder aufnehmen, indem er Gold
6665 4706 8045 4754 und Greenbacks zu gleichem Werthe für alle Forderungen
6670 4751 8050 4800 annimmt und verausgabt. Gold erſcheint maſſenhaft im gewöhn⸗
6665 4796 8048 4850 lichen Verkehr. Jedermann glaubt, die Reſumption werde eine
6664 4841 8047 4889 permanente ſein, und alle kaufmänniſchen Klaſſen handeln demgemäß.
6665 4887 8048 4933 — Mit dem neuen Jahre wird von 18 britiſchen Dampfern eine
6664 4933 8045 4987 neue Verkehrslinie eröffnet, und zwar zwiſchen New⸗York, Liver⸗
6663 4978 8047 5031 pool, Havre und Hamburg, die mit der New⸗York Central⸗Eiſenbahn,
6663 5023 8047 5068 die Unicorn⸗Bahn genannt, in Verbindung ſtehen wird. Die Dampfer
6662 5065 8047 5114 werden Getreide und Lebensmittel aus dem Weſten nach Europa
6659 5116 6792 5162 führen.
6751 5159 8047 5213 New⸗York, 2. Januar. (W. T. B.) Zwei Speicher
6662 5205 8047 5250 und die Baumwollpreſſen der „Union Cottonpreß Com⸗
6661 5249 8041 5303 pany“ in Charlestown mit 10 129 Ballen Baumwolle,
6661 5291 8045 5345 wurden durch eine Feuersbrunſt vernichtet. — Nach einem von
6660 5339 8043 5386 der „Wells Farms Company“ erſtatteten Berichte betrug der Werth
6660 5385 8044 5431 der im vorigen Jahre von der Pacificküſte gewonnenen Metall⸗
6659 5430 8042 5477 produkte 77 036 662 Doll., alſo 17 Millionen weniger als im
6658 5475 8045 5521 Jahre 1877. Britiſch⸗Kolumbien produzirte hiervon für 1 250 000
6660 5519 8041 5566 Doll., Mexiko für 1 500 000 Doll. Der Geſammtbetrag pro 1879
6659 5565 7506 5610 wird auf 70 Millionen Doll. veranſchlagt.
7086 5633 7592 5681 Verkehrs⸗Anſtalten.
6746 5693 8038 5741 Auf der indo⸗europäiſchen Telegraphenlinie ſind im
6657 5739 8041 5785 Monat Dezember 1878 an gebührenpflichtigen Depeſchen befördert
6656 5784 8038 5831 worden: a. aus London, dem übrigen England und Amerika, nach Perſien
6655 5829 8038 5883 und Indien 970 Stück, b. aus Perſien und Indien nach London, dem
6656 5873 8034 5921 übrigen England und Amerika 1261 Stück, c. vom europäiſchen Kon⸗
6655 5918 8037 5966 tinent — excl. Rußland — nach Perſien und Indien 393 Stück,
6656 5965 8036 6011 d. aus Perſien und Indien nach dem europäiſchen Kontinent — excl.
6652 6008 7599 6055 Rußland — 382 Stück. Summa 3006 Stück.
6741 6054 8036 6105 Southampton, 2. Januar. Das Poſtdampfſchiff
6656 6098 8033 6144 „Weſer“, Kapt. J. Barre, vom Norddeutſchen Lloyd
6652 6143 8033 6189 in Bremen, welches am 21. Dezember von New⸗York abge⸗
6650 6188 8036 6235 gangen war, iſt vorgeſtern 4 Uhr Nachmittags wohlbehalten hier
6651 6232 8034 6279 angekommen und hat, nach Landung der für Southampton beſtimmten
6647 6274 8033 6322 Paſſagiere, Poſt und Ladung, 7 Uhr Abends die Reiſe nach Bremen
6645 6322 7785 6370 fortgeſetzt. Die „Weſer“ iſt heute Morgen eingetroffen.
6736 6367 8031 6414 Havana, 1. Januar. Das Poſtdampfſchiff „Frank⸗
6649 6413 8032 6458 furt“, Kapt. F. Klugkiſt, vom Norddeutſchen Lloyd in
6647 6457 8030 6502 Bremen, welches am 4. Dezember von Bremen und am 9. De⸗
6645 6501 8032 6548 zember von Havre abgegangen war, iſt geſtern wohlbehalten hier
6645 6547 6888 6592 angekommen.
8551 473 9133 526 Berlin, 3. Januar 1879.
8244 535 9535 590 Auf Grund des §. 2 des Geſetzes über die Schonzeit des
8140 585 9534 641 Wildes vom 26. Februar 1870 in Verbindung mit §. 94 des
8140 639 9534 693 Zuſtändigkeitsgeſetzes vom 26. Juli 1876 wird die Jagd auf
8143 688 9531 743 Haſen, Auer⸗, Birk⸗ und Faſanenhennen, Haſelwild und
8143 739 9534 789 Wachteln innerhalb des Regierungsbezirks Potsdam mit Ab⸗
8142 790 8330 833 lauf von
8374 844 9298 897 Sonnabend, den 18. Januar 1879,
8142 894 9531 950 geſchloſſen, was wir hierdurch zur öffentlichen Kenntniß bringen.
8243 945 9026 998 Potsdam, den 23. Dezember 1878.
8653 998 9026 1049 Der Bezirksrath.
8554 1049 9134 1101 Frhr. von Schlotheim.
8232 1144 9530 1192 Das auf Requiſition des Landraths des Kreiſes Nieder⸗Barnim
8139 1189 9530 1237 am 10. Dezember v. J. vom Kaiſer Alexander Garde⸗Grenadier⸗
8138 1234 9528 1283 Regiment Nr. 1 in Stärke von 1 Offizier und 80 Mann nach Blum⸗
8138 1280 9529 1330 berg behufs Durchführung von Sperrmaßregeln zur Unter⸗
8139 1325 9526 1380 drückung der daſelbſt ausgebrochenen Rinderpeſt abgerückte Kommando
8139 1371 9524 1422 iſt, nachdem die Gefahr als beſeitigt zu betrachten, vorgeſtern Abend
8139 1416 8553 1463 hierher zurückgekehrt.
8229 1493 9530 1546 Nachfolgender Brief von Schliemann an den Vorſitzenden
8139 1542 9528 1593 der Berliner anthropologiſchen Geſellſchaft wurde am letzten Sonn⸗
8139 1582 9530 1638 abend in der Dezemberſitzung dieſer Geſellſchaft zur Kenntniß der
8140 1632 8545 1679 Mitglieder gebracht:
8230 1677 9526 1733 Troja, 7. November 1878. Es freut mich, Ihnen melden zu
8138 1723 9526 1778 können, daß ich während meiner diesjährigen Arbeiten hier, in dem
8138 1769 9526 1819 großen Hauſe weſtlich und nordweſtlich vom Stadtthor einen, ganz
8138 1815 9527 1864 wie Nr. 262 und 264 in „Troy and its Remains“ geformten, mit
8136 1860 9525 1908 dicker Patina bedeckten, aber durchaus von Roſt freien eiſernen
8136 1905 9527 1955 Dolch gefunden habe, der noch jetzt ſehr ſcharf iſt und überall,
8137 1951 9525 2001 wo das Metall durch die Patina ſchimmert, eine ſtahlweiße
8136 1992 9522 2046 Farbe hat, in Folge deſſen es mir Meteoreiſen zu ſein ſcheint.
8139 2043 9521 2097 Auch fand ich dort ein Werkzeug von Elfenbein in Form eines
8139 2088 9524 2139 Schweins, ſowie drei kleinere und einen größeren Schatz von gol⸗
8137 2133 9522 2182 denen Schmuckſachen, wovon die meiſten vollkommen mykeniſche
8138 2179 9522 2227 Kunſt zeigen; beſonders viel kommt das unter Nr. 297, 299, 295
8138 2221 9523 2278 und 296 in meinem „Mykenae“ abgebildete Ornament vor; dann aber
8139 2271 9521 2320 auch alle auf Tafel XX. in meinem „Troy and its Remains“ abge⸗
8138 2316 9522 2364 bildete Ohrringe, ſowie alle auf Seite 339 dargeſtellten Perlen.
8139 2361 9524 2410 Von den Schätzen wurden zwei der kleineren unmittelbar neben der
8138 2407 9524 2460 weſtlichen Hausmauer in zertrümmerten irdenen Gefäßen, der große
8139 2453 9523 2499 auf der Hausmauer ſelbſt (nur 1 m von den beiden kleineren) in
8139 2494 9523 2550 einem halbzerſchlagenen irdenen δέπας άμφιχύπελλογ und in einer
8138 2544 9523 2592 zertrümmerten bronzenen Schale gefunden; aus dem δέπας ragten 16
8139 2589 9524 2636 goldene Stäbe, jeder mit 56 Einſchnitten, und unterhalb derſelben war
8139 2635 9522 2682 eine große Maſſe goldener Ohrringe; neben dem Becher mehrere
8138 2680 9519 2728 bronzene Streitäxte, Lanzen, auch ein ganzes Packet in dem großen
8141 2727 9518 2772 Feuer zuſammengeſchmolzener bronzener Waffen. In den beiden
8139 2771 9519 2821 kleinen Schätzen, ſowie in einem andern kleinen Schatze in einem
8136 2817 9518 2864 Zimmer deſſelben Hauſes, eine große Menge im Feuer zuſammen⸗
8136 2862 9518 2910 geſchmolzener ſilberner Ohrringe und Ringe von Halsketten, die auf
8134 2908 9514 2955 dort gebogene Stäbchen von Eifenbein gezogen zu ſein ſchienen und
8134 2954 9513 3000 an welchen viel Goldperlen hängen. Auch Ohrringe von Elektron
8133 2999 9514 3051 kommen vor. Auch fand ich einen Stock oder Szepter⸗
8133 3044 9514 3091 knopf von Glas und einen ähnlichen Gegenſtand von
8132 3090 9514 3135 ägyptiſchem Porzellan. Ich hoffe, noch den Winter nach
8132 3136 9515 3180 London zu reiſen und werde meinen dritten Theil der
8131 3180 9511 3234 Schätze meiner trojaniſchen Sammlung im South⸗Ken⸗
8132 3226 9512 3271 ſington⸗Muſeum beifügen. Noch wollte ich Sie darauf aufmerkſam
8132 3272 9516 3318 machen, daß faſt alle trojaniſchen Fußböden aus einer asphaltartigen
8133 3316 9516 3363 Maſſe beſtehen, die überall, wo ſie auf eine bloße Schuttfläche hin
8132 3362 9514 3409 ausgedehnt war, in der Feuersbrunſt in grünliche Glasmaſſe über⸗
8132 3408 9516 3454 gegangen, dagegen, wenn auf glatten Steinen ruhend, unverſehrt
8136 3454 9515 3502 erhalten iſt. Am 1. März hoffe ich hier die Arbeiten fortzuſetzen.
8131 3499 9515 3546 Denken Sie ſich, unterhalb des großen Hauſes, welches das des
8131 3545 9516 3590 Stadthauptes oder Königs ſein muß, ſieht man noch viel ältere
8129 3590 9516 3635 Hausmauern, ſo auch unter dem alten Thor ein noch viel älteres
8130 3635 8669 3681 aus viel größeren Steinen.
8218 3726 9516 3772 Berliner Aquarium. Das nun ſchon ſeit vier Jahren be⸗
8128 3771 9517 3817 ſtehende Abonnement zum Beſuche des Aquariums iſt auch für
8127 3817 9515 3862 das Jahr 1879 eröffnet worden. Gegen Zahlung von 1 ℳ wird
8127 3862 9514 3907 eine Abonnementkarte ausgeſtellt, welche den Inhaber und deſſen
8126 3907 9514 3953 Familie (incl. Dienſtboten) berechtigt, das Aquarium jederzeit für
8125 3953 9513 3998 25 ₰ pro Perſon zu beſuchen. Zugleich erwähnen wir, daß den
8125 3994 9510 4046 Aktienbeſitzern gegen Deponirung einer Aktie freier Eintritt in das
8125 4043 9510 4091 Aquarium, auch für die Familienglieder, gewährt wird, ohne daß da⸗
8124 4089 8980 4136 durch eine Kürzung der Dividende eintritt.
8215 4168 9514 4217 Die franzöſiſchen Schauſpiel⸗Vorſtellungen, welche
8124 4209 9514 4259 alljährlich im Saal⸗Theater des Königlichen Schauſpielhauſes ſtatt⸗
8125 4259 9509 4306 finden, wurden am Neujahrstage mit: „Les vienx garçons“
8124 4304 9515 4355 von Victorien Sardou eröffnet. Das Stück iſt von
8123 4350 9515 4396 früheren Aufführungen ſowohl im franzöſiſchen Theater wie auf
8122 4394 9513 4443 hieſigen Bühnen hinlänglich bekannt. Die Darſtellung durch
8122 4440 9513 4488 die gegenwärtige Geſellſchaft war eine recht gefä ige, wirkſame
8124 4485 9509 4532 und erfreute ſich lebhaften Beifalls von Seiten der Z hörer⸗
8122 4531 9510 4580 ſchaft, welche den Saal vollſtändig gefüllt hatte. Unter den mit⸗
8121 4576 9504 4621 wirkenden Künſtlern befinden ſich zwei, welche den Beſuchern des
8120 4620 9505 4668 franzöſiſchen Theaters vom vorigen Jahre her vortheilhaft be⸗
8121 4665 9507 4713 kannt ſind: Frl. Subra, welche durch ihre ſympatiſche
8122 4711 9506 4759 E ſcheinung und ihr gewinnendes, anmuthiges Talent
8126 4758 9502 4804 und Hr. Léon Noël, der durch ſeine gelungene charakteriſtiſche Ver⸗
8120 4801 9502 4850 körperung komiſcher Rollen die Gunſt des Publikums gewonnen hat.
8119 4847 9504 4897 Zum Beweiſe dieſer Gunſt wurde erſtere mit Kränzen, letzterer mit
8123 4892 9503 4941 Händeklatſchen begrüßt. Ein älteres Mitglied der Geſellſchaft iſt
8121 4938 9501 4984 auch der Regiſſeur Hr. Brunet. Frl. Subra hatte in der Rolle der
8122 4983 9500 5029 Clémence keine ausreichende Gelegenheit, ihre künſtleriſchen Fähig⸗
8118 5029 9500 5076 keiten zur Geltung zu bringen. Die weibliche Hauptrolle des
8119 5074 9502 5120 Stückes, die der „Antoinette“, wurde von Frl. Van Ghèle ge⸗
8117 5118 9503 5166 ſpielt. Die junge Dame bringt für die Darſtellung naiver Rollen die
8118 5164 9504 5211 äußeren Mittel mit, ein wohlklingendes, geſchultes Organ, eine
8116 5210 9504 5256 gefällige Erſcheinung und Anmuth in Haltung und Bewegung, da⸗
8116 5254 9504 5306 gegen fehlt es ihr an rechter Innerlichkeit und ſeeliſchem Ausdruck.
8120 5300 9502 5346 Es bleibt alles an der Oberfläche, nur geſprochen, nicht empfunden.
8116 5345 9498 5395 Von den anderen Frauenrollen tritt nur noch die der „Nina“
8115 5390 9504 5436 mehr hervor, welche von Mdme Daguy wirkſam, wenn auch in
8115 5435 9504 5482 etwas zu grellen Farben, dargeſtellt wurde. Die hervorragendſte
8116 5479 9501 5525 männliche Rolle, die des „Mortemer“, lag in den Händen des Hrn.
8114 5525 9501 5575 Esquier, welcher ſich als ein Künſtler von bedeutender Begabung und
8113 5570 9498 5617 ſorgfältiger Schule erwies. Hr. Léon Noël ſpielte ſeinen „Veau⸗
8112 5615 9500 5661 courtois“ mit jenem bereits lobend hervorgehobenen friſchen
8112 5660 9498 5707 Humor, der ſich zwar nicht immer von Uebertreibung frei hält,
8111 5705 9501 5751 aber dieſer Spezies von Figuren nicht übel zu Geſichte
8112 5749 9502 5797 ſteht. Außer den eben genannten Beiden bietet das Stück
8111 5795 9499 5843 nur noch eine größere Rolle, die des „de Nantya“, welche dem Dar⸗
8111 5836 9493 5891 ſteller einen weiteren Spielraum ſchauſpiel riſcher Kunſt gewährt.
8110 5885 9493 5932 Hrn. Leclere gelang die Rolle recht gut; er weiß ſeine ausgiebigen
8112 5929 9492 5975 Mittel mit Geſchick zu verwenden. Bei dem geringen Umfange der übrigen
8107 5973 9492 6019 Rollen des Stückes kann man nach ihnen allein ein Urtheil über die
8106 6019 9483 6066 Leiſtungsfähigkeit ihrer Vertreter noch nicht gewinnen. Im Ganzen
8106 6063 9483 6115 ſcheint die Geſellſchaft in ihrer gegenwärtigen Zuſammenſetzung denen
8105 6105 9481 6157 früherer Jahre keineswegs nachzuſtehen, ſo daß Hr. Direktor Emil
8105 6151 9439 6202 Neumann auf einen regen Beſuch der Vorſtellungen hoffen darf.
8196 6229 9482 6278 Im Concert⸗Hauſe kommt morgen, Sonnabend, Ro ert Ra⸗
8104 6273 9481 6322 decke's mit vielem Beifall aufgenommene Sinfonie in F-dur zur erſten
8104 6318 9477 6369 Wiederholung und wiederum eine Novität von dem Belgier Saint⸗
8103 6362 9483 6413 Saëns aus ſeiner Oper „Samſon und Dalila“, ein Ballet
8103 6408 9481 6459 („Bacchanale“), zum Vortrag. Saint⸗Saëns, der ein ebenſo talent⸗
8103 6453 9479 6503 voller Pianiſt wie Komponiſt iſt, wird im Februar hier erwartet, um
8103 6497 9480 6542 in einem Concert von nur eigenen Kompoſitionen als Orcheſter⸗
8101 6545 8963 6594 Dirigent und Klavier⸗Virtuoſe aufzutreten.
