10040 7080
663 454 2059 509 per Februar-März —, per März-April —, per April-Mai 53,4 —
658 501 2050 554 53,2 bez., per Mai-Juni 53,6 — 53,4 bez., per Juni-Juli 54,3 — 54,2
653 544 2048 600 bez., per Juli-August 55 — 54,9 bez., per August-September 55,5
654 590 888 636 — 55,3 bez.
749 635 2044 691 Spiritus pr. 100 Liter à 100 % = 10 000 Liter % loco ohne
652 685 1044 726 Fass 51 — 50,9 bez.
748 727 2042 782 Weizenmehl. No. 00 26,50 — 25,00 No. 0 24.50 — 23.00, No 0
651 775 2042 828 u. 1 22 50 — 21 50. Roggenmehl. No. 0 21,50 — 20 50, No. 0
650 820 2040 871 u. 1 20,00 — 18,75 per 100 Kilogramm brutto incl. Sack. Feine
649 867 1144 909 Marken über Notiz bez.
743 911 2040 961 Berichtigung. Gestern: Gerste grosse u. kleine 100 —
648 953 2037 1009 200 ℳ nach Qual.; Hafer gek. — ; Roggenmehl gek. — ; Trockene
647 1004 2038 1057 Kartoffelstärke per 100 Kg. per April-Mai 27 bez., feuchte per
644 1049 2035 1101 März 15,90 bez.; Petroleum gek. — ; Spiritus m. F. per Juli-
643 1092 1090 1140 August 55,3 — 55 bez.
736 1137 1581 1189 Königsberg, 2. Januar. (W. T. B.)
739 1188 2030 1239 Getreidemarkt. Weizen unverändert. Roggen ruhig,
641 1230 2029 1283 loco 121/122 pfd. 2000 Pfd. Zollgewicht 120,00, pr. Januar 117,50,
638 1279 2030 1324 pr. Frühjahr 121,50. Gerste flau. Hafer still, loco inländischer
645 1322 2029 1373 112,00, pr. Januar 112,00. Weisse Erbsen pr. 2000 Pfd.
640 1370 2027 1420 Zollgew. 142,50. Spiritus pr. 100 Liter 100 % loco 49,75,
640 1414 1816 1465 pr. Frühjahr 52,25, pr. Juni 54,00. — Wetter: Regen.
735 1461 1448 1507 Danzig, 2. Januar. (W. T. B.)
734 1504 2025 1553 Getreidemarkt. Weizen loco fester, Umsatz 800 t.
639 1547 2024 1600 Bunt und hellfarbig 130,00 bis 164,00, hellbunt 165,00 bis 175,00, hoch-
637 1597 2022 1650 bunt und glasig 175,00 — 183,00, pr. April-Mai Transit 175,50.
636 1643 2020 1695 pr. Mai-Juni Transit 177,00. Roggen fest, loco inländ. pr.
634 1683 2021 1735 120 Pfd. 117,00 — 120,00, polnischer oder russischer Transit
636 1730 2020 1784 111 00 — 114,00, pr. April-Mai Transit 119,00, pr. Mai-Juni Transit
635 1779 2020 1831 119,00. Kleine Gerste loco 110,00. Grosse Gerste loco 115,00
628 1825 2016 1878 — 122,00. Hafer loco 110,00. Erbsen loco 115,00 — 135,00. Spi-
631 1867 1381 1918 ritus pr. 10 000 Liter % loco 48,50.
724 1916 1424 1962 Stettin, 2. Januar. (W. T. B.)
724 1962 2013 2014 Getreidemarkt. Weizen fest, loco 155,00 — 175,00,
630 2009 2013 2055 pr. April-Mai 181,00. pr. Mai-Juni 183.00, Juni-Juli 185.00.
631 2054 2012 2107 Roggen fest, loco 120,00 — 128,00. pr. April-Mai 134.00, pr. Mai-
628 2100 2011 2153 Juni 135,00, pr. Juni-Juli 136,00. Rübsen pr. April-Mai 288,00.
629 2145 2010 2199 Rüböl unverändert, 100 Kilogr. pr. April-Mai 65 00, pr.
631 2188 2008 2244 Septbr.-Oktober 60,75. Spiritus still, loco 50,20, pr. Januar 50,60,
626 2236 1918 2287 pr. April-Mai 53,00, pr. Juni-Juli 54,20. Petroleum loco 8,60.
718 2277 1394 2328 Posen, 2. Januar. (W. T. B.)
721 2328 2009 2380 Spiritus loco ohne Fass 49,30, pr. Januar 49,10, pr. Februar
625 2372 1766 2420 49,70, pr. April-Mai 51,40. Gekündigt 30 000 1. Still.
718 2417 1362 2465 Cöln, 2. Januar. (W. T. B.)
716 2461 2007 2520 Getreidemarkt. Weizen hiesiger loco 19,00, fremder
622 2509 2003 2565 loco 20,00, pr. März 18,90, pr. Mai 19,05. Roggen loco 15,00,
621 2555 2004 2608 pr. März 14,35. per Mai 14,35. Hafer loco 15,00. Rüböl loco
622 2600 1463 2646 35,50. pr. Mai 33,90. pr. Oktober 31,80.
713 2647 1448 2694 Bremen, 2. Januar. (W. T. B.)
712 2693 2002 2742 Petroleum. (Schlussbericht.) Höher. Standard white
618 2733 2002 2792 loco 7,55 à 7,60 bez. und Br., pr. Februar 7,75 Br., pr. März
618 2782 1850 2836 7,90 Br., pr. April 8,05 Br., pr. August-Dezember 8,70 Br.
709 2830 1484 2878 Hamburg, 2. Januar. (W. T. B.)
711 2876 1999 2935 Getreidemarkt. Weizen loco und auf Termine ruhig,
614 2917 1998 2978 pr. April-Mai 172 00 Br., 171,00 Gd., pr. Mai - Juni 174,00 Gd.,
615 2964 1999 3023 173,00 Gd. Roggen loco und auf Termine ruhig, pr. April-Mai
615 3010 1997 3066 130 00 Br., 129,00 Gd. pr. Mai-Juni 130,00 Br., 129,00 Gd.
612 3055 1997 3116 Hafer und Gerste still. Rüböl still. loco —, pr. Mai 68,00. Spiritus
612 3103 1997 3162 matter, pr. Januar 41 ¼ Br., pr. Februar-März 41 ¼ Br., pr. April-
611 3147 1998 3201 Mai 40 ¾ Br., pr. Mai-Juni 40 ¾ Br., Kaffee fest, Umsatz 3000
612 3193 1994 3254 Sack. Petroleum fest, Standard white loco 7,70 Br., 7,50 Gd.,
610 3240 1996 3301 pr. Januar 7,60 Gd., pr. Februar-März 7,75 Gd. — Wetter:
611 3285 787 3323 Wärmer.
701 3330 1376 3380 Wien, 2. Januar. (W. T. B.)
699 3378 1995 3435 Getreidemarkt. Weizen pr. Januar 9,70 Gd., 9,80 Br.,
607 3422 1996 3478 pr. Frühjahr 10,03 Gd., 10,05 Br., pr. Herbst 10,30 Gd., 10,35 Br.
617 3467 2002 3531 Roggen pr. Frühjahr 7,72 Gd., 7,75 Br. Hafer pr. Frühjahr
607 3510 1841 3568 7,00 Gd., 7,02 Br. Mais pr. Mai-Juni 6,56 Gd., 6,58 Br.
699 3557 1341 3606 Pest, 2. Januar. (W. T. B.)
699 3601 1998 3665 Produktenmarkt. Weizen loco Kauflust, pr. Frühjahr
602 3644 1994 3705 9,58 Gd., 9 60 Br. Hafer pr. Frühjahr 6,57 Gd., 6,60 Br.
600 3694 1993 3757 Mais pr. Mai-Juni 6,15 Gd., 6,17 Br. Kohlraps pr. August-Sep-
606 3737 991 3787 tember 13 ⅛ à 13 ¼.
695 3787 1524 3837 Amsterdam, 2. Januar. (W. T. B.)
700 3833 1990 3891 Getreidemarkt. (Schlussbericht.) Weizen pr. März 268.
604 3877 1340 3926 Roggen pr. März 167, pr. Mai 167.
696 3924 1524 3975 Amsterdam, 2. Januar. (W. T. B.)
695 3970 1006 4016 Bancazinn 57 ¼.
694 4015 1517 4064 Antwerpen, 2. Januar. (W. T. B.)
692 4062 1989 4123 Getreidemarkt. (Schlussbericht.) Weizen ruhig. Roggen
600 4105 1301 4156 flau. Hafer träge. Gerste ruhig.
694 4152 1516 4205 Antwerpen, 2. Januar. (W. T. B.)
691 4198 1985 4258 Petroleummarkt. (Schlussbericht.) Raffinirtes, Type weiss,
594 4243 1984 4305 loco 19 ½ bez. u. Br., pr. Februar 19 ¾ Br., pr. März 19 ¾ bez.,
591 4288 1651 4344 20 Br., pr. September - Dezember 22 Br Steigend.
694 4335 1425 4386 London, 2. Januar. (W. T. B.)
687 4381 1984 4436 An der Küste angeboten 10 Weizenladungen. — Früh-
591 4422 1984 4493 lingswetter. — Havannazucker 22 ½. Ruhig. — Centrifugal
595 4471 773 4508 Cuba 23.
692 4517 1481 4570 Liverpool, 2. Januar. (W. T. B.)
687 4560 1982 4619 Baumwolle. (Schlussbericht.) Umsatz 10 000 B., davon für
594 4607 1980 4663 Spekulation und Export 1000 B. Ruhig. Middl. amerikanische
592 4653 1979 4715 Januar-Lieferung 5 41⁄64, Januar-Februar-Lieferung 5 ⅝, Februar-
592 4698 1979 4765 März-Lieferung 5 41⁄64, März-April-Lieſerung 5 11⁄16, April-Mai-
2119 464 3514 528 Lieferung 5 47⁄64. Mai-Juni-Lieferung 5 51⁄64, Juni-Juli-Lieferung
2116 515 3513 577 5 55⁄64, Juli-August-Lieferung 5 59⁄64, August-September-Lieferung
2115 560 3253 615 6 55⁄64 d. — Spätere Meldung: Orleans 1⁄16 d. billiger.
2108 878 2207 922 Fest.
2211 608 3074 658 Manchester, 2. Januar. (W. T. B.)
2212 654 3511 705 12r Water Armitage 7 ¼, 12r Water Taylor 7 ½, 20r Water
2113 698 3508 751 Micholls 8 ¾, 30r Water Clayton 9 ⅞, 32r Mock Townhead 9 ½, 40r
2115 744 3505 798 Mule Mayoll 9 ⅜, 40r Medio Wilkinson 10 ¾, 32r Warpcops Lees
2110 788 3503 844 9, 36r Warpcops Qual. Rowland 9 ¾, 40r Double Weston 10 ⅝,
2107 834 3504 893 60r Double courante Qualität 13 ¾, Printers 16⁄16 34⁄50 8 ½ pfd. 90.
2206 925 2959 976 Glasgow, 2. Januar. (W. T. B.)
2204 968 3501 1023 Roheisen. Mixed numbers warrants 48 sh. 11 d. bis
2107 1017 2363 1054 48 sh. 10 d.
2203 1062 2847 1111 Hull, 2. Januar. (W. T. B.)
2199 1107 3501 1166 Getreidemarkt. Fremder Weizen weichend. — Wetter:
2099 1148 2227 1196 Milde.
2196 1199 2865 1248 Paris, 2. Januar. (W. T. B.)
2195 1242 3495 1297 Rohzucker 88° loco behauptet, 52,50 à 52,75. Weisser Zucker
2100 1291 3495 1345 behauptet, Nr. 3 pr. 100 Kilogr. pr. Januar 60,25, pr. Februar
2099 1336 2693 1384 60,00. pr. Mai-August 62,50.
2193 1382 2876 1431 Paris, 2. Januar. (W. T. B.)
2192 1429 3493 1482 Produktenmarkt. Weizen ruhig, per Januar 25,60, per
2094 1469 3490 1525 Februar 25,75, per März-April 26,00, per März-Juni 26,25,
2094 1520 3484 1571 Mehl 9 Marques ruhig, per Januar 57 50, per Februar 57,50,
2094 1565 3478 1617 pr. März-April 57,50, per März-Juni 57,50. Rüböl ruhig, per
2092 1611 3477 1662 Januar 85,50. per Februar 85,50, per März-April 85,00, per
2091 1657 3475 1708 Mai-August 81,50. Spiritus ruhig, per Januar 50,50, per Fe-
2090 1701 3320 1751 bruar 51.00, per März-April 52,00, per Mai-August 53,50.
2186 1745 3126 1796 St. Petersburg, 2. Januar. (W. T. B.)
2184 1794 3475 1843 Produktenmarkt. Talg loco 75,00, pr. August 70,00.
2089 1839 3480 1888 Weizen loco 13,25. Roggen loco 9,00. Hafer loco 4,80. Hanf
2087 1884 3298 1932 loco 35,00. Leinsaat (9 Pud) loco 13,50. Wetter: Frost.
2181 1930 2973 1977 New-York, 2. Januar. (W. T. B.)
2182 1977 3478 2025 Waarenbericht. Baumwolle in New-York 10 3⁄16, do. in
2086 2022 3474 2072 New-Orleans 9 11⁄16. Petroleum Standard white in New-York 7 ½ Gd.,
2085 2068 3475 2118 do. in Philadelphia 7 ¼ Gd., rohes Petroleum in New-York 7,
2085 2113 3474 2158 do. Pipe line Certificates — D. 89 C. Mehl 4 D. 15 C. Rother
2089 2160 3472 2210 Winterweizen loco 1 D. 11 C., do. pr. Januar 1 D. 9 C., do. pr.
2085 2205 3471 2257 Februar 1 D. 11 ½ C., do. pr. März 1 D. 13 ¾ C. Mais (New) 66.
2082 2250 3471 2302 Zucker (Fair refining Muscovadoes) 6 15⁄16. Kaffee (fair Rio-) 8 ⅛.
2084 2297 3470 2349 Schmalz (Wilcox) 10 ⅞, do. Fairbanks 10 ⅞, do. Rohe & Brothers 10 ¾.
2083 2343 3002 2389 Speck —. Getreidefracht nach Liverpool 7 ⅛.
2175 2427 3468 2479 Ausweis über den Verkehr auf dem Berliner
2078 2474 3466 2522 Schlachtviehmarkt des städtischen Central-Vieh-
2078 2524 3464 2580 hofs vom 2. Januar 1883. Auftrieb und Marktpreise (nach
2079 2571 2427 2615 Schlachtgewicht).
2169 2607 3467 2668 Rinder. Auftrieb 2064 Stück. (Durchschnittspreis fur 100 kg)
2077 2661 3463 2713 I. Qualität 116 — 128, I. Qualität 98 — 106, III. Qualität 80 — 82 ℳ,
2074 2707 2394 2751 IV. Qualität —.
2169 2752 3461 2803 Schweine. Auftrieb 6221 Stück. (Durchschnittspreis für
2077 2798 3466 2848 100 kg): Mecklenburger resp. Pommem 110 — 112 ℳ, Bakony 114 —
2075 2844 3466 2895 116 ℳ, Landschweine: a. gute 106 — 108 ℳ, b. geringere 98 —
2074 2890 2920 2934 102 ℳ, Russen —, Serben 100 — 108 ℳ
2165 2937 3459 2987 Kälber. Auftrieb 602 Stück. (Durchschnittspreis für 1 kg):
2074 2981 3181 3031 I. Qualität 1,10 — 1,20 ℳ, II. Qualität 0,90 — 1,00 ℳ
2166 3028 3444 3078 Schafe. Auftrieb 3662 Stück. (Durchschnittspreis für 1 kg)
2069 3069 3459 3124 I. Qualität 1,08 — 1,20, II. Qualität 0,86 — 1,00 ℳ, III. Qualität —
2662 3163 2860 3209 Usance.
2163 3207 3458 3262 Die Sachverständigen-Commission der Berliner
2068 3257 3461 3308 Fondsbörse stellt folgende Usancen zusammen: Zins-Berech-
2072 3304 3454 3351 nung und Dividenden-Abtrennung bei folgenden Effecten. Ober-
2070 3350 3452 3393 lausitzer St.-Pr.-Act. Zs. v. 1. Jan. 1883 mit Divid.-Schein No. 2.
2070 3395 3453 3445 Albrechtsbahn-Akt. Zs. v. 1. Jan. 1883 mit Coupon pr. 1. Juli
2073 3440 3453 3488 1883. Amsterdam-Rotterdam. Eisenb.-Akt Zs. v. 1. Jan. 1883
2071 3486 3454 3537 mit Coupon 8 (Rest-Dividende pr. 1882). Aussig-Teplitzer
2069 3532 3452 3579 Eisenb.-Act. Zs. v. 1. Jan. 1883 mit Divid.-Sch. pr. 1882. Böhmische
2068 3577 3452 3627 Nordbahn-Act. Zs. v. 1. Jan. 1883 mit Divid.-Sch. pr. 82 lautend
2067 3623 3450 3667 pr. 1. Juli 1883. Böhm. Westbahn-Act. Zs. v. 1. Jan. 1883 mit
2067 3668 3449 3714 Divid.-Sch. pr. 1. Juli 1883. Oesterreichische Lokalbahn-Act. Zs.
2066 3714 3449 3765 v. 1. Jan. 1883 mit Divid.-Sch. pr. 1882. Lüttich-Limburger-Act.
2067 3760 3444 3808 Zs. v. 1. Jan. 1883 mit Divid.-Sch. pr. 1882. Buschtehrader B.
2067 3806 3448 3854 Act. Zs. v. 1. Jan. 1883 mit Coupon pr. 1. Jan. 1883. Dux-
2065 3852 3447 3900 Bodenbacher Act., Dux-Bodenbacher St.-Prior. A. und B., Elisa-
2064 3897 3447 3947 beth-Westbahn-Eisenbahn-Act., Franz-Josephbahn-Act., Galizische
2066 3943 3449 3995 Carl Ludw. Bahn-Act., Kaschau-Oderberger Act., Kronprinz-
2062 3989 3446 4036 Rudolphbahn-Act., Reichenberg-Pardubitzer Act, Zs. v. 1. Jan.
2066 4034 3445 4084 1883 mit Divid.-Scheinen resp. Zins-Coupons pr. 1. Juli 1883.
2064 4080 3447 4127 Südösterreichische (Lombarden) Act. Zs. v. 1. Nov. 1882 mit
2062 4126 3445 4182 Coupon No. 47 1ster Coupon pr. 1882, der dieselbe Nummer tragen
2061 4174 3443 4220 muss. Vorarlberger Act., Oesterr.-Franz. Staatsbahn-Act., Oesterr.
2065 4218 3442 4263 Nordwest Litt. A. u. B. Act., Zs. v. 1. Jan. 1883 mit Divd.-
2064 4264 3443 4311 Scheinen resp. Zins-Coupons pr. 1. Juli 1883. Schweizer Union-
2059 4311 3441 4358 Act. Zs. v. 1. Jan. 1883 mit Divid.-Sch. No. 48 pr. 1. Jan. 1883.
2059 4356 3442 4408 Gotthard-Act. Zs. v. 1. Januar 1883 mit Divid.-Sch. No. 8 pr.
2059 4400 3441 4445 30. Juni 1883. Schweizer Nordost-Act. Zs. v. 1. Jan. 1883 mit
2058 4447 3439 4493 Divid.-Sch. No. 3 pr. 1. Juli 1883. Schweizer West.-Act. Zs. v.
2059 4493 3436 4538 1. Jan. 1883 mit Divid.-Sch. No. 5. Schweizer Central-Act. Zs.
2055 4538 3439 4590 v. 1. Jan. 1883 mit Divid.-Sch. No. 20 pr. 15. April 1883. Tamines-
2054 4584 3439 4635 Landen-Act. franco Zinsen mit Divid-Sch. No. 15. Ungarisch-
2055 4631 3436 4679 Galizische Act. Zs. v. 1. Jan. 1883 mit Coupon pr. 1. Juli 1883.
2057 4676 3436 4727 Baltische Act. Zs. v. 1. Jan. 1883 mit Super-Divid.-Sch. pr. 1882
2052 4721 3437 4771 No. 12. Kursk-Kiew-Act. Zs. v. 1. Aug. 1882 mit Zinsschein
3582 480 4970 547 No. 2 pr. 1. Februar 1883 u. Divid.-Sch. No. 2 (Super-Div. pr.
3583 530 4966 590 1882). Warschau-Terespol Act. Zs. v. 1. Oct. 1882 mit Coupon
3582 578 4971 631 pr. 1. April 1883. Russische Südwest-Bahn-Act. Zs. v. 1. Jan.
3583 623 4964 677 1883 mit Super-Divid.-Sch. No. 5 und Zins Coupon No. 10.
3582 669 4962 723 Warschau-Wiener-Act. Zs. v. 1. Jan. 1883 mit Super-Divid.-Sch.
3581 714 4962 767 pr. 1882. Amsterdamer Bank-Actien, Antwerpener Centralbank-
3574 761 4963 813 Act., Brüsseler Bank-Act., Luxemburger Bank-Act., Dänische
3576 805 4960 858 Landmannsbank-Act., Oesterreichische Credit-Act., Zs. v. 1. Jan.
3576 850 4961 904 1883 mit Divid.-Sch. pr. 1882. Petersburger Discontobank-Act.
3571 897 4958 954 Zs. v. 1. Jan. 1883 mit Super-Divid.-Sch. pr. 1882. Petersburger
3570 943 4955 996 Internationale Bank-Act. Zs. v. 1. Jan. 1883 mit Super-Divid.-Sch.
3570 988 4952 1041 pr. 1882. Russ. Bank f. auswärtigen Handel Act. Zs. v. 1. Jan.
3574 1033 4957 1085 1883 mit Rest-Divid.-Sch. pr. 1882. Warschauer Commerzbank-
3568 1080 4957 1132 Act. Zs. v. 1. Jan. 1883 mit Rest-Divid.-Sch. pr. 1882. Warschauer
3567 1122 4953 1181 Discontobank-Act. Zs. v. 1. Jan. 1883 mit Rest-Divid.-Sch. pr. 1882.
3567 1171 4954 1223 Wiener Unionbank Act., Wiener Bank-Verein Act., Ungarische Credit-
3564 1216 4953 1271 bank Act., Ungarische Escompte- und Wechslerbank Act., Zs. v.
3566 1262 4486 1312 1. Jan. 1883 mit Dividendenschein pr. 1882.
3657 1307 4952 1367 Italienische Taback-Actien mit Dividendenschein Nr. 30,
3565 1353 4952 1406 Breslauer Strassenbahn mit Talon, Braunschweiger Strassenb. mit
3564 1398 4951 1450 Dividendenschein Nr. 2, Hamburger Strassenb. mit Dividenden-
3561 1443 3827 1488 schein Nr. 3.
3651 1490 4948 1545 Diverse Effecten, an welchen sich beim Handel resp. bei der
3561 1534 4944 1586 Lieferung noch rückständige Zinscoupons oder Dividendenscheine
3559 1580 4946 1632 befinden müssen. Fonds: Türk. unabgest. 5 % Anleihe franco
3559 1626 4944 1685 Zinsen mit Coupon per 1. Juli 1876, der dieselbe Nummer tragen
3558 1672 4948 1727 muss. Türk. abgest. 5 % Anl. fr. Zsn. mit Coup. pr. 1. Januar
3563 1716 4942 1771 1883, der dieselbe Nummer tragen muss. Türk. 3 ½ % Loose fr.
3557 1762 4944 1814 Zsn. mit Coup. pr. 1. April 1876, der nur allein eine andere
3556 1807 4944 1862 Nummer tragen darf. Eisenbahn-Prioritäts-Obligationen. Dux-
3555 1854 4954 1910 Prager, alte, fr. Zsn. mit Coup. Nr. 9 und Restcoupon. Dux-
3552 1899 4943 1952 Prager sanirte dagegen Zinsen vom 1. Januar 1883 à 5 %. Mäh-
3551 1945 4941 2004 risch-Schlesische Centralbahn mit Coupon Nr. 10 per 1. Juli 1875,
3550 1991 4940 2046 gleicher Nummer. Pilsen-Priesen mit Coupon Nr. 21 per 1. Juli
3550 2036 4943 2093 1875, gleicher Nummer. Strassenbahnen. Braunschweiger Strassen-
3546 2080 4938 2134 bahn-Actien, Zinsen vom 1. Januar 1883 und Dividendenschein
3547 2124 3671 2173 No. 2.
3613 3649 4922 3725 ¹) Seegang leicht. ²) Abends wenig Regen. ³) Seegang mässig.
3521 3701 4914 3769 ⁴) Abends Regen, starkes Wetterleuchten. ⁵) Nachts Regen.
3521 3748 3874 3795 ⁶) Nachts Regen.
3610 3797 4918 3858 Anmerkung. Die Stationen sind in 4 Gruppen geordnet:
3523 3838 4917 3905 1) Nordeuropa, 2) Küstenzone von Irland bis Ostpreussen, 3) Mittel-
3521 3888 4915 3952 europa südlich dieser Zone, 4) Südeuropa. — Innerhalb jeder
3522 3932 4735 3995 Gruppe ist die Richtung von West nach Ost eingehalten.
3611 3979 4912 4042 Skala für die Windstärke: 1 = leiser Zug, 2 = leicht,
3521 4022 4914 4087 3 = schwach, 4 = mässig, 5 = frisch, 6 = stark, 7 = steif,
3521 4067 4908 4135 8 = stürmisch, 9 = Sturm, 10 = starker Sturm, 11 = heftiger
3522 4114 3953 4166 Sturm, 12 = Orkan.
3864 4162 4558 4220 Uebersicht der Witterung.
3608 4207 4916 4270 Ein Luftdruckmaximum hat sich über Südwesteuropa weiter
3516 4253 4908 4316 ausgebreitet, während der niedrige Luftdruck, welcher gestern
3517 4297 4906 4355 im Nordwesten lag. sich ostwärts nach Finnland verschoben hat.
3516 4342 4910 4405 Im nordwestdeutschen Küstengebiete ist bei erheblicher, süd- und
3520 4392 4910 4449 ostwärts fortschreitender Abkühlung und heiterem Wetter nord-
3516 4436 4903 4496 westliche Luftströmung eingetreten, während im übrigen Central-
3516 4483 4900 4537 europa südwestliche Winde bei trüber, im westdeutschen Binnen-
3513 4526 4904 4582 lande regnerischer Witterung vorwalten. Karlsruhe meldet Süd-
3514 4576 4907 4628 weststurm, Kaiserslautern steife südwestliche Winde. In Deutsch-
3512 4618 4905 4677 land, insbesondere im Binnenlande, kamen gestern allenthalben
3511 4663 4899 4724 wieder Regenfälle vor. In Wiesbaden wurde gestern Abend star-
3514 4709 4172 4756 kes Wetterleuchten beobachtet.
4289 4761 4805 4820 Deutsche Seewarte.
919 4822 1292 4882 Theater.
655 4890 1630 4966 Königliche Schauspiele. Donnerſtag:
583 4959 1631 5022 Opernhaus. 3. Vorſtellung. In italieniſcher
583 5006 1628 5061 Sprache: Violetta. (La Traviata.) Oper in
581 5051 1626 5110 4 Akten von Verdi. Ballet von P. Taglioni.
580 5097 1628 5160 (Violetta: Frl. Tagliana, Hr. Ernſt, Hr. Betz.)
578 5142 874 5187 Anfang 7 Uhr.
629 5188 1626 5247 Schauſpielhaus. 3. Vorſtellung. Opfer um
581 5233 1625 5287 Opfer. Schauſpiel in 5 Akten von Ernſt v. Wil⸗
578 5280 1623 5342 denbruch. In Scene geſetzt vom Direktor Deetz.
578 5322 871 5369 Anfang 7 Uhr.
626 5368 1624 5426 Freitag: Opernhaus. 4. Vorſtellung. Tann⸗
578 5413 1622 5469 häuſer und der Sängerkrieg auf der Wart⸗
575 5460 1620 5513 burg. Große romantiſche Oper in 3 Akten von
575 5505 1620 5565 R. Wagner. (Fr. Sachſe⸗Hofmeiſter, Frl. Lehmann,
573 5549 1619 5613 Hr. Fricke, Hr. Niemann, Hr. Betz.) Anfang
573 5592 708 5636 7 Uhr.
623 5637 1617 5701 Schauſpielhaus. 4. Vorſtellung. Torquato
570 5686 1616 5749 Taſſo. Schauſpiel in 5 Akten von Wolfgang
570 5733 1181 5782 von Goethe. Anfang 6 ½ Uhr.
612 5868 1617 5942 Wallner-Theater. Donnerſtag: Z. 12. Male:
564 5937 1612 5993 Der Schwabenſtreich. Luſtſpiel in 4 Akten von
565 5982 978 6029 Franz v. Schönthan.
643 6095 1614 6167 Victoria-Theater. Donnerſtag u. die folgen⸗
564 6162 1609 6227 den Tage: Mit gänzlich neuer Ausſtattung an Dekora⸗
563 6207 1609 6265 tionen, Koſtümen und Requiſiten. Frau Venus.
563 6252 1608 6310 Modernes Märchen in 15 Bildern mit Geſang und
563 6298 1607 6352 Tanz von E. Pasqué und Dr. O. Blumenthal.
561 6342 1607 6395 Muſik von C. A. Raida. Sämmtliche 15 neuen
560 6387 1607 6441 Dekorationen und Maſchinerien ſind aus dem Atelier
559 6434 1605 6493 des Hrn. F. Lütkemeyer in Coburg. (Venus: Fr.
560 6478 1606 6540 Thomas⸗Damhofer. (Solotänzerin: Frl. Qualitz.)
1757 4842 2713 4909 Friedrich-Wilhelmstädt. Theater.
1675 4906 2711 4964 Donnerſtag: Zum 270. Male: Der luſtige Krieg.
1674 4951 2597 5009 Operette in 3 Akten. Muſik von J. Strauß.
1721 4999 2581 5052 Freitag: Die Jungfrau von Belleville.
1730 5113 2716 5182 Residenz-Theater. (Direktion: Emil Neu⸗
1671 5184 2711 5239 mann.) Donnerſtag: Zum 3. Male: Ein pikanter
1670 5227 2709 5283 Roman. Luſtſpiel in 4 Akten von Bruno Köhler.
1669 5272 2682 5330 In Scene geſetzt von Emil Neumann. (Novität.)
1715 5318 2340 5372 Freitag: Dieſelbe Vorſtellung.
1687 5466 2709 5535 Krolls-Theater. Donnerſtag: Gr. Weihnachts⸗
1666 5530 2704 5592 Ausſtellung. Dazu: Die Reiſe durch's Märchen⸗
1665 5580 2705 5635 land. Weihnachtskomödie für große und kleine
1663 5626 2705 5681 Kinder mit Geſang und Ballet in 7 Bildern nebſt
1663 5671 2705 5730 einem Vorſpiel von Eliſe Bethge⸗Truhn. Muſik
1663 5717 2703 5774 von G. Lehnhardt. Anfang des Concerts 6, der
1662 5762 2033 5809 Vorſtellung 7 Uhr.
1706 5808 2699 5867 Im Garten: Ethnographiſche Ausſtellung
1661 5852 2701 5909 einer zum 1. Male vom Polarmeere nach Europa
1660 5898 2698 5952 gebrachten Samojeden⸗Familie. (4 Perſonen, 8 Renn⸗
1658 5943 2698 6001 thiere, 1 ſibiriſcher Hund), Schlitten, Zelte, Polar⸗
1660 5992 2698 6046 moos ꝛc. Geöffnet von 11 Uhr Vormittags an
1658 6033 2696 6084 bis zum Eintritt der Dunkelheit. Entrée von 11
1657 6079 2699 6135 bis 2 Uhr 1 ℳ, von 2 Uhr an bis zum Eintritt
1655 6124 2496 6180 der Dunkelheit 50 ₰ (Kinder die Hälfte).
1687 6247 2698 6315 National-Theater. Weinbergsweg 6 und 7.
1655 6314 2695 6369 Donnerſtag: Der Galeerenſklave. Schauſpiel in
1655 6360 2693 6418 5 Akten von Bartley Campbell. (Oliphant: Hr. Ed.
1655 6405 2693 6461 Weiß a. G.) Großes Ballet. Frls. Marengo und
1656 6450 2692 6510 Schön, ſowie dem Corps de Ballet. Anfang 7 Uhr.
1697 6496 2320 6545 Freitag: Der Galeerenſklave.
2810 4847 3809 4915 Belle-Alliance-Theater. Donnerſtag: Gaſt⸗
2760 4914 3807 4967 ſpiel des Hrn. Theodor Lebrun, Direktor des
2764 4961 3802 5015 Wallner⸗Theaters und ſeiner Mitglieder. Z. vor⸗
2761 5006 3804 5062 letzten Male: Unſere Frauen. Luſtſpiel in
2760 5052 3802 5109 5 Akten von G. v. Moſer und Fr. v. Schönthan.
2759 5097 3051 5142 Anfang 7 Uhr.
2807 5143 3801 5200 Freitag: Zum letzten Male: Unſere Frauen.
2791 5234 3801 5299 Ostend-Theater. Direktion: Emil Hahn.
2755 5300 3797 5357 Halbe Kaſſenpreiſe, Parquet 50 ₰ u. ſ. w.
2758 5348 3798 5400 Donnerſtag und folgende Tage: Die Kinder des
2757 5393 3797 5448 Kapitän Grant. Großes Ausſtattungsſtück mit
2757 5439 3797 5497 Ballet in 12 Bildern von Jule Verne. Anfang
2754 5483 2906 5530 7 ½ Uhr.
2807 5574 3794 5641 Wilhelm-Theater. Chauſſeeſtraße Nr. 25/26.
2752 5642 3797 5697 Donnerſtag: Z. 12. M.: (Novität.) Das Spiel⸗
2750 5690 3794 5746 zeug des Teufels. Ausſtattungs⸗Feerie mit Geſang u.
2748 5734 3794 5785 Tanz in 12 Bildern nach Th. Delies und A. Renées:
2751 5779 3793 5835 Les bibelots du diable! Muſik von Ch.
2750 5823 3791 5879 Requin. Kaſſeneröffnung 6 Uhr, Anfang des Con⸗
2750 5870 3502 5920 certs 6 Uhr, der Vorſtellung 7 ½ Uhr.
2797 5913 3793 5973 Freitag und die folgenden Tage: Dieſelbe
2747 5958 2980 6006 Vorſtellung.
2784 6046 3534 6116 Concert-Haus. Concert des Kgl.
2745 6115 3261 6165 Hof⸗Muſikdirektors Herrn
3559 6059 3789 6158 Bilse.
2815 6219 3784 6293 Circus Renz. Carlsſtraße — Markthallen.
2744 6286 3794 6343 Donnerſtag: Parade⸗Gala⸗Vorſtellung unter perſön⸗
2743 6331 3788 6387 licher Mitwirkung des Direktors Renz. Nur noch
2742 6377 3788 6430 dieſe Woche: „Don Quirote's Abenteuer.“ Brillante
2742 6418 3784 6481 komiſch⸗romantiſche Weihnachts⸗Ausſtattungs⸗
2741 6467 3783 6528 Pantomime mit phantaſtiſchen Ballets und Grup⸗
2740 6513 3783 6570 pirungen. Gladiator, Vollbluthengſt, in der hohen
2742 6557 3782 6619 Schule geritten vom Direktor Renz. Das Feuerpferd
3856 4859 4908 4924 Ali, in Freiheit dreſſirt und vorgeführt vom Di⸗
3858 4907 4902 4964 rektor Renz. Das Schulpferd Regent und das
3857 4952 4903 5010 Springpferd Lapdog, geritten von Mlle. Adele
3856 4997 4902 5056 Drouin. Großes Damenmanöver, geritten von
3854 5044 4900 5108 20 Damen. Auftreten der Amerikaner Mr. Batchellor,
3854 5088 4899 5148 Mr. Donavan und Mr. Dutton, genannt: The
3853 5136 4898 5191 Champion leapers of the world. Auftreten des
3853 5179 4896 5240 Thierbändigers Mr. Julius Batty mit ſeinen
3851 5226 4896 5290 5 dreſſirten Löwen. Auftreten der vorzüglichſten
3850 5270 4403 5323 Künſtler und Künſtlerinnen.
3897 5317 4455 5368 Freitag: Große Vorſtellung.
4404 5372 4847 5417 E. Renz, Direktor.
4091 5468 4648 5525 Familien⸗Nachrichten.
3846 5529 4900 5590 Verlobt: Frl. Hedwig v. Arnim mit Hrn. Amt⸗
3894 5581 4899 5636 mann Max v. Keiſer (Berlin). — Frl. Roſe Gräfin
3896 5626 4894 5678 v. d. Schulenburg mit Hrn. Oberſten a. D.
3894 5671 4899 5729 v. Tiele⸗Winckler (Potsdam — Minchowitz). —
3894 5715 4893 5771 Frl. Erna Winckelmann mit Hrn. Premier⸗Lieute⸗
3892 5764 4897 5817 nant v. Holſtein (Ankershagen — Schwerin). —
3891 5805 4894 5864 Frl. Eliſabeth v. Harnier mit Hrn. Hofmarſchall
3891 5851 4893 5909 Volprecht Riedeſel Frhrn. zu Eiſenbach (Echzell —
3894 5896 4105 5944 Eiſenbach).
3843 5941 4888 5994 Geboren: Ein Sohn: Hrn. Rittmeiſter und
3890 5987 4893 6044 Adjutanten Freiherrn v. Maltzahn (Berlin). —
3890 6032 4884 6091 Hrn. Seconde⸗Lieutenant und Bataillons⸗Adju⸗
3892 6079 4889 6137 tanten Carls (Roſtock). — Hrn. v. Stülpnagel
3889 6123 4120 6170 (Grünberg).
3890 6168 4890 6225 Eine Tochter: Hrn. Ober⸗Landesgerichts⸗Rath
3888 6213 4889 6272 Dr. Karl Schmidt (Kolmar i. E.). — Hrn. Paſtor
3891 6258 4630 6314 Rudolf Schmieding (Siek in Holſt.).
3840 6302 4888 6363 Geſtorben: Hr. Baurath a. D. Louis Schrobitz
3886 6349 4889 6405 (Berlin). — Frau Geh. Ober⸗Finanz⸗Rath Marie
3888 6394 4885 6452 Scheller, geb. Schultze (Berlin). — Hr. Haupt⸗
3886 6443 4882 6494 mann a. D. und Direktor Ferdinand v. Brandt
3881 6485 4877 6542 (Schwedt). — Verw. Frau v. Knobloch, gen.
3881 6530 4879 6589 Baronin v. Hauſen⸗Aubier, geb. Pauline Gräfin
3880 6577 4500 6630 von Kalckreuth (Königsberg).
6124 481 8860 744 Deutſcher Reichs⸗Anzeiger
7419 841 7551 920 und
5446 998 9517 1299 Königlich Preußiſcher Staats⸗Anzeiger.
5832 1384 6638 1444 Das Abonnement beträgt 4 ℳ 50 ₰
6024 1448 6441 1498 für das Vierteljahr.
5673 1502 6793 1557 Inſertionspreis für den Raum einer Druckzeile 30 ₰.
8228 1410 9123 1474 Alle Poſt-Anſtalten nehmen Beſtellung an;
8115 1473 9233 1536 für Berlin außer den Poſt-Anſtalten auch die Expe-
8276 1531 9071 1584 dition: SW. Wilhelmſtraße Nr. 32.
5277 1661 5567 1746 No. 3.
6572 1673 7217 1765 Berlin, Donnerſtag,
7701 1685 8438 1769 den 4. Januar, Abends.
9310 1705 9628 1781 1883.
5333 1909 6628 1968 Se. Majeſtät der König haben Allergnädigſt geruht:
5383 1973 6683 2032 dem bautechniſchen Mitglied der Regierung zu Cöln,
5277 2025 6682 2082 Geheimen Regierungs⸗Rath Gottgetreu den Rothen Adler⸗
5274 2077 6680 2136 Orden dritter Klaſſe mit der Schleife; dem evangeliſchen
5275 2128 6680 2187 Schullehrer und Kantor Jablonski zu Marggrabowa im
5280 2178 6680 2239 Kreiſe Oletzko den Adler der Inhaber des Königlichen Haus⸗
5274 2231 6684 2291 Ordens von Hohenzollern; ſowie dem Schleuſenmeiſter Biela
5274 2262 6678 2343 zu Gimritz im Saalkreiſe das Allgemeine Ehrenzeichen zu
5270 2334 5479 2386 verleihen.
5329 2467 6638 2531 Se. Majeſtät der König haben Allergnädigſt geruht:
5381 2534 6673 2595 dem Obergerichts⸗Anwalt Dr. jur. Hoyer zu Oldenburg
5266 2586 6587 2645 den Königlichen Kronen⸗Orden vierter Klaſſe zu verleihen.
5652 2827 6292 2885 Deutſches Reich.
5321 2915 6614 2975 Se. Majeſtät der Kaiſer haben Allergnädigſt geruht:
5369 2978 6664 3037 den Geheimen Ober⸗Regierungs⸗Rath und vortragenden
5258 3029 6665 3090 Rath im Reichsſchatzamt Lieber zum ſtändigen Mitglied
5262 3081 5922 3133 des Patentamts zu ernennen.
5371 3256 6660 3319 Der Notariatskandidat und Enregiſtrementseinnehmer
5254 3308 6286 3365 Johann Baptiſt Ruſch in Markirch, und
5363 3360 6653 3422 der Notariatskandidat Tineſſe zu Buſendorf ſind zu
5254 3411 6648 3468 Notaren, Erſterer im Landgerichtsbezirk Colmar mit Anwei⸗
5252 3463 6654 3522 ſung ſeines Wohnſitzes in St. Kreuz, Letzterer im Land⸗
5254 3515 6647 3575 gerichtsbezirk Metz mit Anweiſung ſeines Wohnſitzes in Wald⸗
5252 3566 5571 3615 wieſe ernannt.
5358 3618 6651 3673 Der Notar Schumacher zu Waldwieſe iſt in den Land⸗
5253 3669 6649 3731 gerichtsbezirk Mülhauſen mit Anweiſung ſeines Wohnſitzes
5251 3720 5610 3770 in Sierenz, und
5356 3772 6648 3832 der Notar Diemer zu St. Kreuz in den Landgerichts⸗
5250 3818 6643 3885 bezirk Mülhauſen mit Anweiſung ſeines Wohnſitzes in Mül⸗
5251 3874 6090 3931 hauſen in gleicher Eigenſchaft verſetzt.
5355 3926 6644 3988 Dem Notar Hitſchler zu Colmar iſt die zum 1. März
5252 3979 6645 4038 1883 nachgeſuchte Entlaſſung aus dem Juſtizdienſte des
5250 4028 5714 4082 Reichslandes ertheilt.
5353 4080 6641 4142 Dem Notar Alfred Georg zu Ingweiler iſt die zum
5249 4132 6639 4195 1. Januar 1883 nachgeſuchte Entlaſſung aus dem Juſtiz⸗
5245 4183 5974 4238 dienſte des Reichslandes ertheilt.
5354 4413 6638 4476 Der heutigen Nummer des „Reichs⸗ und Staats⸗Anzeigers“
5238 4465 6639 4529 liegt das „Poſtblatt Nr. 1 für 1883“ bei. Daſſelbe
5240 4518 6640 4581 enthält Nachrichten von allgemeinerem Intereſſe
5236 4567 6640 4637 für den Verkehr mit der Poſt und Telegraphie,
5236 4619 6638 4683 eine Ueberſicht der Porto⸗ und Gebührenſätze
5238 4669 6638 4741 für Briefſendungen (Briefe, Poſtkarten, Druckſachen,
5238 4721 6638 4785 Geſchäftspapiere und Waarenproben), für Briefe mit
5235 4772 6636 4836 Werthangabe, für Poſtanweiſungen, für Poſtauf⸗
5233 4826 6636 4886 träge zur Einziehung von Geldbeträgen, für
5234 4875 6633 4940 Packetſendungen und eine Ueberſicht der Ge⸗
5233 4926 6633 4989 bührenſätze für Telegramme in Deutſchland und
5233 4980 5772 5030 nach dem Auslande.
5339 5030 6630 5092 Das Poſtblatt erſcheint vierteljährlich, in der Regel am
5235 5079 6629 5145 erſten Tage des Vierteljahrs, und kann durch Vermittelung
5236 5131 6624 5200 der deutſchen Reichs⸗Poſtanſtalten gegen Vorausbezahlung von
5236 5185 6627 5244 1 ℳ jährlich, ſowie zum Preiſe von 25 ₰ für die ein⸗
5235 5236 6013 5288 zelne Nummer bezogen werden.
5524 5481 6319 5535 Königreich Preußen.
5278 5563 6569 5628 Se. Majeſtät der König haben Allergnädigſt geruht:
5330 5626 6623 5688 den Fürſtlich lippiſchen Gerichtsaſſeſſor a. D. Friedrich
5221 5674 6622 5743 Merckel, den Gerichtsaſſeſſor a. D. Dr. juris Emil Friedrich
5221 5726 6621 5795 Georg Glaſewald, den Großherzoglich heſſiſchen Gerichts⸗
5220 5774 6620 5844 acceſſiſten a. D. Auguſt Mülberger und den Gerichts⸗
5219 5828 6620 5890 aſſeſſor a. D. Otto Curt Fiſcher zu Garniſon⸗Auditeuren
5218 5883 5649 5933 zu ernennen, ſowie
5333 5933 6620 5994 dem Kreis⸗Steuereinnehmer Posca zu Striegau und
5223 5980 6617 6045 dem Steuerempfänger Berger zu Eupen den Charakter als
5214 6031 5873 6088 Rechnungs⸗Rath zu verleihen.
5328 6195 6614 6262 Auf den Bericht vom 6. Dezember d. Js. will Ich hier⸗
5212 6246 6612 6311 durch genehmigen, daß der Zinsfuß der von der Gemeinde Rixdorf,
5214 6296 6609 6363 Kreis Teltow, auf Grund des Privilegiums vom 9. Juni
5215 6350 6609 6412 1880 ausgegebenen, auf den Inhaber lautenden Anleiheſcheine
5212 6402 6608 6462 vom 1. Juli 1883 ab von viereinhalb auf vier Prozent herab⸗
5211 6450 6607 6514 geſetzt werde, vorbehaltlich aller ſonſtigen Beſtimmungen des
5212 6501 6606 6563 gedachten Privilegiums und mit der Maßgabe, daß die noch
5214 6551 6606 6613 nicht getilgten Anleiheſcheine, unter Innehaltung der in den⸗
5211 6601 6604 6669 ſelben vorgeſchriebenen Friſt, den Inhabern für den Fall zu
6758 1921 8160 1987 kündigen ſind, daß die betreffenden Anleiheſcheine dem Gemeinde⸗
6758 1974 8153 2037 vorſtande zu Rixdorf nicht bis zu einem von demſelben feſt⸗
6756 2025 8152 2090 zuſetzenden Termine zur Abſtempelung auf vier Prozent ein⸗
6756 2078 7108 2128 gereicht werden.
6859 2129 7580 2184 Berlin, den 18. Dezember 1882.
7373 2184 7680 2235 Wilhelm.
7426 2237 8096 2297 von Puttkamer. Scholz.
6805 2294 7891 2355 An die Miniſter des Innern und der Finanzen.
6860 2460 8147 2524 Auf den Bericht vom 22. Dezember d. J. genehmige Ich
6750 2511 8144 2582 hierdurch, daß der Zinsfuß der Seitens der Stadt Liegnitz
6748 2563 8143 2619 auf Grund des Priv legiums vom 15. November 1878 aus⸗
6747 2616 8143 2679 gegebenen, auf den Inhaber lautenden Obligationen zum
6748 2667 8143 2729 1. April 1883 von viereinhalb auf vier Prozent durch Ab⸗
6746 2717 8141 2782 ſtempelung der Obligationen herabgeſetzt werde, vorbehaltlich
6746 2770 8135 2832 aller ſonſtigen Beſtimmungen des gedachten Privilegiums
6746 2822 8140 2886 und mit der Maßgabe, daß die noch nicht getilgten Obliga⸗
6745 2871 8139 2935 tionen, unter Innehaltung der in denſelben vorgeſchriebenen
6743 2923 8135 2988 dreimonatlichen Friſt, den Inhabern für den Fall zu kündigen
6743 2974 8137 3038 ſind, daß die fraglichen Obligationen nicht bis zum 1. April
6742 3028 8136 3091 1883 der Stadt⸗Hauptkaſſe in Liegnitz zur Abſtempelung auf
6739 3078 7451 3131 vier Prozent eingereicht werden.
6843 3130 7566 3186 Berlin, den 25. Dezember 1882.
7323 3188 7643 3237 Wilhelm.
7413 3240 8080 3297 von Puttkamer. Scholz.
6786 3295 7874 3358 An die Miniſter des Innern und der Finanzen.
6800 3425 8066 3485 Miniſterium der geiſtlichen, Unterrichts⸗ und
7042 3477 7822 3538 Medizinal⸗Angelegenheiten.
6835 3552 8128 3614 Den Kloſtergutspächtern Zodo es zu Hilwartshauſen,
6727 3602 8125 3670 Buſch zu Höckelheim und Deichmann zu Wöltingerode iſt
6725 3655 8124 3725 der Charakter als Königlicher Ober⸗Amtmann beigelegt
6725 3709 6891 3748 worden.
6829 3894 8121 3959 Abgereiſt: Se. Excellenz der General der Infanterie
6720 3946 8117 4009 von Tresckow, General⸗Adjutant Sr. Majeſtät des Kaiſers
6720 4000 8117 4053 und Königs und kommandirender General des IX. Armee⸗
6721 4050 7174 4102 Corps, nach Altona.
6781 4231 8062 4298 4 % iges vormals Naſſauiſches Staatsanlehen von
6934 4282 7900 4335 7 200 000 Fl. — d. d. 30. September 1862.
6809 4352 8115 4412 Bei der am 5. d. Mts. ſtattgefundenen ſechszehnten Verlooſung
6716 4398 8111 4455 der Partial⸗Obligationen des unter Vermittelung des Bankhauſes
6715 4443 8109 4501 M. A. von Rothſchild & Söhne in Frankfurt a. M. negoziirten
6713 4485 8109 4549 4 % igen vormals Naſſauiſchen Staatsanlehens von 7 200 000 Fl. d. d.
6715 4530 8108 4595 30. September 1862 ſind nachverzeichnete Obligationen gezogen
6713 4580 6869 4619 worden:
6874 4638 7933 4692 A. Zur Rückzahlung auf den 1. April 1883.
6805 4697 8107 4747 Litt. N. à 100 Fl. = 171 ℳ 43 ₰. Nr. 164 353 444 1026
6713 4741 8103 4792 1395 1536 1683 1881 1887 2131 2496 2860 2974 3109 3306 3333
6711 4787 8103 4838 3402 3493 3496 3518 3582 3741 3761 3922 4329 4422 4512 4883
6708 4833 8102 4890 4968 4974 4978 5324 5435 5692 = 34 Stück über 3400 Fl. oder
6708 4879 7023 4922 5828 ℳ 62 ₰.
6801 4925 8102 4975 Litt. O. à 200 Fl. = 342 ℳ 86 ₰. Nr. 24 157 239 252 276
6712 4969 8101 5032 710 1008 1118 1483 1658 1795 1797 = 12 Stück über 2400 Fl.
6707 5016 7129 5061 oder 4114 ℳ 32 ₰.
6799 5062 8088 5111 Litt. P. à 500 Fl. = 857 ℳ 14 ₰. Nr. 125 250 300 313
6705 5106 8095 5156 420 469 521 648 667 1074 1399 1740 1765 2038 2046 2109 2179
6705 5152 8097 5202 2269 2484 3093 3710 3887 3930 4025 4165 4810 4915 5282 5573
6703 5197 8096 5248 5741 5791 5809 5819 5849 5963 6098 6149 6357 6418 6956 6982
6704 5242 8095 5300 7255 7283 7288 7363 7393 = 46 Stück über 23 000 Fl. oder
6703 5288 7055 5333 39 428 ℳ 44 ₰.
6797 5335 8101 5384 Litt. Q. à 1000 Fl. = 1714 ℳ 29 ₰. Nr. 222 510 526 550
6701 5378 8095 5430 866 1301 1356 1366 1886 2109 2119 2179 2183 = 13 Stück über
6702 5425 7390 5473 13 000 Fl. oder 22 285 ℳ 77 ₰.
6782 5470 7989 5525 Summa 105 Stück über 41 800 Fl. oder 71 657 ℳ 15 ₰.
6827 5516 7958 5566 B. Zur Rückzahlung auf den 1. Oktober 1883.
6791 5574 8091 5623 Litt. N. à 100 Fl. = 171 ℳ 43 ₰. Nr. 106 220 233 568
6698 5617 8094 5666 750 942 1098 1151 1527 1953 2188 2312 2322 2732 2976 3123
6696 5663 8091 5711 3203 3263 3439 3524 3601 3705 3751 3757 3767 3777 3959 4213
6694 5709 8089 5765 4429 4826 4957 5143 5187 5322 5568 = 35 Stück über 3500 Fl.
6694 5754 7098 5799 oder 6000 ℳ 5 ₰.
6787 5802 8086 5851 Litt. O. à 200 Fl. = 342 ℳ 86 ₰. Nr. 167 247 263 368
6692 5845 8087 5894 442 1043 1075 1099 1230 1583 1627 1777 1850 = 13 Stück über
6691 5890 7319 5938 2600 Fl. oder 4457 ℳ 18 ₰.
6784 5937 8086 5987 Litt. P. à 500 Fl. = 857 ℳ 14 ₰. Nr. 18 473 531 548
6690 5980 8084 6028 649 1211 1299 1327 1536 1551 1656 1737 1801 1815 1832 1849
6692 6026 8080 6075 1852 2007 2036 2068 2457 2533 2591 2731 2960 3065 3415 3861
6689 6071 8081 6119 3871 3900 4057 4080 4699 4808 4837 4885 4895 4960 5150 5188
6687 6116 8079 6172 5526 5693 5894 6119 6621 6938 7772 = 47 Stück über 23 500 Fl.
6686 6163 7148 6208 oder 40 285 ℳ 58 ₰.
6780 6209 8080 6257 Litt. Q. à 1000 Fl. = 1714 ℳ 29 ₰. Nr. 227 471 710 794
6685 6252 8079 6302 935 939 1143 1200 1564 1726 1730 1769 2003 = 13 Stück über
6686 6294 7364 6345 13 000 Fl. oder 22 285 ℳ 77 ₰.
6777 6338 7989 6396 Summa 108 Stück über 42 600 Fl. oder 73 028 ℳ 58 ₰.
6776 6399 8077 6453 Die Inhaber dieſer Obligationen werden hiervon mit dem Be⸗
6681 6444 8077 6501 merken benachrichtigt, daß die Kapitalbeträge, deren Verzinſung
6679 6489 8074 6544 nur bis zum betreffenden Rückzahlungstermin ſtattfindet, bei folgenden
6679 6533 7336 6579 Stellen erhoben werden können:
6772 6580 8074 6636 Bei dem Bankhauſe M. A. von Rothſchild & Söhne
6676 6624 8072 6681 in Frankfurt a. M., bei der Königlichen Regierungs⸗
8227 1938 9624 2003 Hauptkaſſe in Wiesbaden, ſowie bei jeder anderen
8223 1987 9616 2049 Königlichen Regierungs⸗Hauptkaſſe, bei der König⸗
8226 2033 9617 2093 lichen Staatsſchulden⸗Tilgungskaſſe in Berlin, der
8222 2077 9619 2145 Königlichen Kreiskaſſe in Frankfurt a. M., und den
8221 2124 9621 2181 Königlichen Bezirks⸗Hauptkaſſen in Hannover, Lüne⸗
8222 2169 8717 2214 burg und Osnabrück.
8314 2215 9613 2273 Die Auszahlung erfolgt gegen Rückgabe der Obligationen mit
8220 2261 9611 2320 den dazu gehörigen Zinsſcheinen und Zinsſchein⸗Anweiſungen und
8221 2308 9612 2365 zwar bei den unter A. verzeichneten Obligationen mit den Zinsſcheinen
8219 2351 9612 2407 Reihe III. Nr. 6 — 8 und bei den unter B. verzeichneten mit den
8220 2396 9585 2462 Zinsſcheinen Reihe III. Nr. 7 und 8 nebſt Zinsſchein⸗Anweiſungen.
8311 2444 9612 2498 Der Geldbetrag der etwa fehlenden Zinsſcheine wird an dem
8219 2489 8967 2538 zu zahlenden Kapitale zurückbehalten.
8312 2536 9610 2589 Soll die Einlöſung von dergleichen Obligationen weder bei dem
8216 2580 9609 2639 vorbenannten Bankhauſe, noch bei der Königlichen Regierungs⸗Haupt⸗
8218 2626 9610 2689 kaſſe in Wiesbaden oder bei der Königlichen Kreiskaſſe in Frank⸗
8214 2673 9609 2727 furt a. M., ſondern bei einer der anderen Kaſſen bewirkt werden, ſo
8214 2717 9614 2776 ſind die betreffenden Obligationen nebſt Zinsſcheinen und Zinsſchein⸗
8212 2762 9609 2822 Anweiſungen durch dieſe Kaſſe vor der Auszahlung an den Unter⸗
8213 2809 9608 2864 zeichneten zur Prüfung einzuſenden, weshalb dieſe Schuldverſchreibun⸗
8212 2856 9607 2909 gen einige Zeit vor dem Rückzahlungstermin eingereicht werden können.
8453 2914 9358 2968 Rückſtändig ſind noch aus den Verlooſungen:
8302 2960 9161 3008 per 1. Oktober 1876: Litt. P. Nr. 5821.
8301 3007 9607 3055 per 1. April 1881: Litt. N. Nr. 120 1507 3032 3936 3944
8208 3050 8822 3093 5505, Litt. P. Nr. 1348 5136.
8300 3097 9611 3150 per 1. Oktober 1881: Litt. N. Nr. 1161 4513 5485, Litt. O.
8207 3140 9125 3187 Nr. 228, Litt. P. Nr. 2040 5367 5564 6388.
8298 3189 9603 3237 per 1. April 1882: Litt. N. Nr. 83 633 1153 2111 2189 3335
8207 3233 9604 3294 3910 4878 4912 5745 5827, Litt. O. Nr. 273 671 790 1010 1220,
8204 3279 9601 3328 Litt. P. Nr. 354 859 2501 2611 3049 3177 3560 3708 4168 5462
8205 3323 8689 3371 7122, Litt. Q. Nr. 996.
8294 3371 9599 3420 per 1. Oktober 1882: Litt. N. Nr. 146 459 2911 3483 3503
8201 3415 9600 3465 3715 3876 4493 5251 5417 5657 5833, Litt. O. Nr. 548 696 1196
8202 3460 9597 3511 1289, Litt. P. Nr. 1677 1822 1988 2267 2301 2311 3313 3973
8200 3506 9019 3555 6064 6750, Litt. Q. Nr. 398 667 1513.
8292 3552 9028 3600 Wiesbaden, den 10. Dezember 1882.
8636 3602 9170 3652 Der Regierungs⸗Präſident.
8737 3643 9044 3696 In Vertretung:
8730 3695 9056 3741 de la Croix.
8404 3873 9374 3932 Perſonalveränderungen.
8562 3960 9205 4005 Königlich Preußiſche Armee.
8297 4002 9593 4061 Ernennungen, Beförderungen und Verſetzungen.
8191 4047 9588 4108 Im aktiven Heere. Berlin, 23. Dezember. Fliſt,
8194 4093 9596 4152 Hauptm. à la suite der 3. Ingen. Inſp., deſſen Kommando zur
8189 4139 9591 4200 Dienſtleiſt. bei dem Kriegs⸗Miniſterium bis auf Weiteres verlängert.
8193 4186 9587 4240 — 28. Dezember. Prinz Albert zu Schleswig⸗Holſtein⸗
8190 4230 9585 4288 Sonderburg⸗Glücksburg Hoheit, Sec. Lt. à la suite des Huſ.
8189 4276 9582 4332 Regts. Nr. 14, in dieſes Regt. einrangirt. Adami, Pr. Lt.
8186 4325 9592 4380 à la suite des Inf. Regts. Nr. 32 und Milit. Lehrer
8188 4367 9589 4420 bei dem Kadettenhauſe zu Plön, zum Hauptmann befördert.
8186 4413 9585 4474 Hoffmeiſter, Pr. Lt. vom Garde⸗Füſ. Regt., unter Stellung
8186 4461 9581 4513 à la suite dieſes Regts., auf ein Jahr als Ordonnanzoffizier bei des
8186 4504 9581 4563 Großherzogs von Baden Königl. Hoheit kommandirt. — 1. Januar.
8185 4550 9580 4605 v. Bomsdorff, Major vom Generalſtabe des XV. Armee⸗Corps,
8184 4596 9578 4649 kommandirt zur Dienſtleiſtung bei Sr. Majeſtät dem Kaiſer und
8181 4641 9578 4696 König als Flügel⸗Adjut., unter gleichzeitiger Beförderung zum
8181 4686 9576 4744 Oberſt⸗Lt., zum Flügel⸗Adjut. Sr. Majeſtät des Kaiſers und Königs
8182 4735 8336 4770 ernannt.
8272 4778 9573 4831 Durch Verfügung des Kriegs⸗Miniſteriums. 23. Dezember.
8179 4823 9574 4880 Beutner, Zeug⸗Lt. vom Art. Depot in Ulm, zum Art. Depot in
8178 4869 9572 4925 Straßburg, Steinbiß, Zeug⸗Pr. Lt. vom Art. Depot in Straßburg,
8181 4916 8836 4964 zum Art Depot in Ulm verſetzt.
8263 4962 9571 5011 Im Beurlaubtenſtande. Berlin, 28. Dezember. Ben⸗
8176 5006 9570 5057 der, Pr. Lt. a. D., zuletzt Sec. Lt. im Inf. Regt. Nr. 56, in der
8174 5051 9568 5105 Armee, und zwar unter Ueberweiſ. zu den beurlaubten Offizn. des
8173 5097 9566 5149 2 Bats. Landw. Regts. Nr. 17, als Pr. Lt. mit Patent vom 28.
8172 5142 9227 5191 Dezember 1882 bei der Landw. Inf. wiederangeſtellt.
8264 5189 9568 5241 Abſchiedsbewilligungen. Im aktiven Heere. Berlin,
8172 5233 9570 5292 23. Dezember. Frhr. v. Korff, Major a. D., zuletzt à la suite der
8170 5279 9564 5332 Armee und Eiſenb. Linienkommiſſar, mit der Erlaubniß zum ferneren
8170 5324 9465 5378 Tragen der Uniform des Drag. Regts. Nr. 3 zur Disp. geſtellt.
8259 5370 9563 5419 Im Sanitäts⸗Corps. Berlin, 28. Dezember. Dr.
8166 5415 9561 5469 Opitz, Ober⸗Stabsarzt 1. Kl. und Dezernent bei der Milit. Mediz.
8166 5461 9560 5512 Abtheilung des Kriegs⸗Miniſteriums, zum General⸗Arzt 2. Kl. und
8165 5506 9561 5559 Corpsarzt des I. Armee⸗Corps, Dr. Großheim, Stabsarzt vom
8163 5553 9561 5604 mediziniſch⸗chirurgiſchen Friedrich⸗Wilhelms⸗Inſtitut, kommandirt
8162 5598 9558 5651 bei der Militär⸗Medizinal⸗Abtheilung des Kriegs⸗Miniſteriums,
8160 5643 9558 5695 unter Verſetzung als Dezernent zu der gedachten Abthei⸗
8159 5689 9555 5741 lung, zum Ober⸗Stabsarzt 2. Kl. befördert. Dr. Loewer,
8160 5733 9559 5787 Generalarzt 2. Kl. und Corpsarzt des I. Armee⸗Corps, in gleicher
8160 5778 9551 5831 Eigenſchaft zum XI. Armee⸗Corps verſetzt. Dr. Kuckro, General⸗
8159 5825 9552 5878 arzt 1. Kl. und Corpsarzt des XI. Armee⸗Corps, mit Penſion und
8157 5869 9555 5922 ſeiner bisherigen Uniform der Abſchied bewilligt. Die Aſſiſtenz⸗Aerzte
8156 5914 9549 5968 2. Kl.: Dr. Rawitz, vom Inf. Regt. Nr. 45, Dr. Siegfried,
8156 5960 9551 6014 vom Garde⸗Kür. Regt., Dr. Weſtphal, vom Inf. Regt. Nr. 31,
8155 6005 9550 6059 Dr. Janſſen, vom Inf. Regt. Nr. 66, Dr. Goerne, vom Ulan. Regt.
8154 6049 9551 6104 Nr. 5, Elſte, von der Marine, Dr. Schoenhals, vom Inf. Regt.
8153 6095 9548 6150 Nr. 55, zu Aſſiſt. Aerzten 1. Kl. befördert. Die Aſſiſt. Aerzte
8155 6140 9545 6194 1. Kl. der Landw.: Dr. Wirtgen, vom 2. Bat. Landw. Regts.
8151 6185 9542 6238 Nr. 30, Dr. Fuchs, vom 2. Bat. Landw. Regts. Nr. 28, Dr. Al⸗
8151 6230 9547 6286 bert, vom 1. Bat. Landw. Regts. Nr. 69, Dr. Burkart, Dr.
8151 6276 9552 6328 Wehr, vom 2. Bat. Landw. Regts. Nr. 29, Dr. Keller, vom
8151 6321 9544 6372 Reſ. Landw. Regt. Nr. 40, zu Stabsärzten der Landw. befördert.
8148 6366 9545 6423 Dr. Muſehold, Marine⸗Aſſiſt. Arzt 1. Kl. von der 2. Matroſ.
8148 6410 9542 6468 Div., zur Armee, und zwar zum 3. Garde⸗Gren. Regt. verſetzt. Dr.
8147 6457 9540 6506 Noetzel, Ober⸗Stabsarzt 2. Kl. der Landw. vom 2. Bat. Landw.
8147 6502 9543 6556 Regts. Nr. 9, mit ſeiner bisher. Unif., Dr. Weiß, Stabsarzt der
8145 6546 9542 6602 Reſ. vom 2. Bat. Landw. Regts. Nr. 47, Dr. Bröer, Stabsarzt
8144 6593 9541 6648 der Landw. vom Reſ. Landw. Regt. Nr. 38, mit ſeiner bisher. Unif.,
8143 6637 9537 6694 der Abſchied bewilligt. Den Stabsärzten der Landw.: Dr. Bertling,
3778 2233 4688 2285 Wetterbericht vom 3. Januar 1883,
4049 2279 4432 2331 8 Uhr Morgens.
3544 2373 3803 2427 Stationen.
3539 2492 3799 2537 Mullaghmore
3534 2537 3729 2580 Aberdeen
3539 2584 3809 2620 Christiansund
3536 2627 3779 2672 Kopenhagen
3537 2675 3741 2716 Stockholm
3534 2718 3751 2764 Haparanda
3537 2778 3812 2821 Cork, Queens-
3578 2827 3677 2864 town
3531 2866 3640 2908 Brest
3531 2912 3665 2957 Helder
3534 2962 3609 3002 Sylt
3530 3006 3716 3049 Hamburg
3533 3051 3781 3094 Swinemünde
3529 3094 3796 3140 Neufahrwass.
3529 3141 3657 3184 Memel
3528 3198 3694 3239 Münster
3529 3247 3731 3288 Karlsruhe
3526 3290 3748 3336 Wiesbaden
3525 3337 3707 3378 München
3525 3382 3717 3426 Chemnitz
3525 3427 3646 3471 Berlin
3527 3474 3633 3516 Wien
3524 3520 3678 3564 Breslau
3522 3577 3646 3621 Triest
3856 2334 4084 2369 Barometer auf
3820 2368 4108 2399 0 Gr. u. d. Meeres-
3828 2403 4106 2436 spiegel redue. in
3888 2437 4058 2465 Millimeter.
3942 2492 4014 2535 762
3942 2538 4014 2581 758
3941 2585 4013 2626 746
3941 2629 4010 2674 747
3940 2677 4013 2719 740
3939 2722 4008 2765 737
3939 2823 4008 2867 764
3939 2870 4007 2913 767
3932 2916 4010 2957 754
3934 2962 4008 3006 750
3933 3009 4006 3050 751
3934 3057 4005 3098 751
3933 3100 4007 3142 750
3931 3146 4004 3190 749
3929 3202 4001 3245 751
3929 3249 4005 3293 760
3929 3296 4002 3334 755
3929 3338 3999 3383 761
3927 3383 4001 3428 755
3926 3433 4001 3474 751
3929 3476 3999 3519 759
3925 3526 4001 3565 755
3925 3575 4000 3623 766
4233 2381 4357 2427 Wind.
4121 2498 4448 2539 W 4
4122 2540 4446 2584 NW 2
4121 2589 4448 2633 N 6
4122 2634 4446 2676 W 4
4120 2680 4448 2723 WNW 2
4118 2724 4445 2772 N 2
4119 2827 4440 2871 NNO 1
4120 2874 4440 2920 W 1
4115 2921 4438 2964 NW 3
4119 2966 4441 3010 WSW 2
4361 3015 4441 3054 still
4117 3056 4440 3101 SSW 2
4113 3104 4437 3146 S 2
4114 3147 4439 3193 SW 4
4118 3205 4438 3251 WNW 5
4112 3253 4437 3296 SW 9
4109 3297 4437 3344 SW 5
4111 3346 4438 3388 W 5
4109 3391 4435 3434 SW 5
4109 3438 4434 3480 SW 3
4108 3481 4432 3525 W 2
4111 3528 4431 3567 W 3
4352 3587 4432 3631 still
4510 2385 4672 2430 Wetter.
4481 2499 4636 2538 bedeckt
4483 2544 4599 2588 heiter
4485 2592 4636 2634 bedeckt
4485 2637 4594 2680 Nebel
4483 2683 4634 2725 bedeckt
4480 2732 4617 2768 Schnee
4479 2832 4658 2873 halb bed.
4480 2879 4663 2927 bedeckt ¹)
4480 2928 4608 2973 wolkig
4479 2972 4671 3015 wolkenlos
4477 3016 4591 3057 Nebel
4474 3066 4671 3109 wolkenl. ²)
4476 3108 4628 3151 bedeckt
4474 3154 4662 3203 bedekct ³)
4476 3212 4629 3256 bedeckt
4474 3260 4599 3301 Regen
4477 3306 4656 3352 bedeckt ⁴)
4476 3353 4605 3400 wolkig
4471 3398 4594 3443 Regen
4467 3442 4652 3491 bedeckt ⁵)
4468 3486 4622 3533 bedeckt
4468 3533 4630 3585 wolkig ⁶)
4469 3590 4595 3638 Regen
4706 2345 4943 2390 Temperarur
4707 2390 4940 2431 in °Celsius
4699 2435 4933 2476 5 °C. = 4 °R
4820 2503 4846 2547 7
4820 2554 4842 2590 3
4819 2600 4843 2636 3
4817 2647 4844 2682 4
4817 2693 4842 2728 0
4771 2735 4841 2778 — 5
4811 2839 4841 2880 4
4812 2885 4842 2926 9
4813 2932 4841 2973 6
4812 2979 4839 3018 3
4814 3024 4838 3062 5
4812 3070 4839 3112 3
4809 3114 4839 3159 2
4809 3164 4836 3202 3
4811 3216 4839 3261 6
4809 3264 4837 3306 6
4809 3312 4834 3348 6
4808 3354 4837 3397 6
4807 3402 4833 3442 5
4805 3448 4835 3490 6
4805 3491 4834 3536 9
4804 3540 4833 3585 6
4805 3600 4830 3637 8
