10040 7952
726 824 2121 885 Ausgaben 20 892 ℳ Krankengeld und 6490 ℳ Dividende der Ver⸗
737 872 2116 931 ſicherungen auf den Erkrankungsfall, während die Prämienreſerve auf
737 919 2122 971 203 990 ℳ berechnet wird, nämlich 607 761 ℳ Schuld der Geſell⸗
733 965 2114 1019 ſchaft an die Verſicherten weniger 403 771 ℳ Schuld der Ver⸗
734 1010 2114 1070 ſicherten an die Geſellſchaft. Die ganze Abtheilung für den Er⸗
729 1056 2116 1112 krankungsfall hatte 22 ältere und 302 neue Verſicherungsanträge zu
730 1102 2122 1155 erledigen; davon wurden 110 abgelehnt und nicht vollzogen, 7 zurück⸗
731 1144 2120 1204 geſtellt, 1 zurückgezogen und 189 auf 1656 ½ ℳ wöchentliches Kranken⸗
728 1195 2121 1250 geld angenommen, wogegen 279 Verſicherungen auf 2017 ½ ℳ er⸗
728 1240 2119 1294 loſchen. Somit verminderte ſich, wie ſchon im Vorjahre, der
727 1285 2116 1338 Beſtand, und zwar blieben am Schluſſe des Jahres verſichert:
724 1330 2120 1383 1662 männliche Perſonen von durchſchnittlich 45 7/12 Jahren mit
727 1376 2117 1430 12 450 ½ ℳ und 1452 weibliche von durchſchnittlich 43 ¼ Jahren mit
723 1421 2117 1479 8188 ½ ℳ; das Durchſchnittsalter jener erhöhte ſich um 6 und dieſer
726 1468 2121 1520 um 5 Monate. Zu 66 aus dem Vorjahre übernommenen Krank⸗
735 1514 2121 1566 heiten traten 597 neue Fälle von 500 Perſonen, ſo daß abzüglich
727 1559 2121 1614 zweier nicht zahlbarer Fälle in 661 Krankheitsfällen von 565 Per⸗
729 1607 2116 1659 ſonen 25 022 Tage mit durchſchnittlich 83 ½ ₰ zu entſchädigen waren.
731 1652 2121 1706 Indem wir bemerken, daß als Zahl der beobachteten Perſonen der
730 1696 2117 1753 Anfangsbeſtand zuzüglich der halben Differenz zwiſchen Zu⸗ und Ab⸗
730 1742 2119 1798 gang während des Jahres 1883 verſtanden iſt, ergeben ſich die wich⸗
734 1789 2077 1841 tigeren Thatſachen dieſes Jahres für die vier Gruppen, wie folgt:
824 2705 2128 2758 Der rechnungsmäßigen Erwartung nach konnten bei den 3159
732 2746 2125 2804 beobachteten Perſonen vorkommen: 445 ½ Erkrankungen männlicher
737 2795 2121 2850 Perſonen mit 18 809 Tagen und 17 226 ℳ, 388 Erkrankungen weib⸗
736 2840 2123 2897 licher Perſonen mit 16 230 Tagen und 10 810 ℳ; das Jahr 1883
734 2888 2121 2940 iſt hiernach günſtig verlaufen. Nach der werthvollen Hauptüberſicht
731 2933 2121 2989 laſſen ſich für zehnjährige Altersklaſſen nachſtehende Verhältnißzahlen
730 2991 929 3032 aufreihen:
829 3584 2128 3636 Die Erkrankungen nach der Zeit ihres Ausbruches zu unter⸗
738 3629 2124 3683 ſcheiden, verſpricht wegen der ſtarken lokalen Einflüſſe, die hierauf
736 3675 2123 3726 wirken, wenig Ausbeute. Dagegen iſt ein Beitrag der „Gegenſeitig⸗
742 3720 2130 3771 keit“ zur Abſtufung der Krankheitsdauer von Intereſſe. Auf 10 000
743 3766 2128 3819 Perſonen jedes Geſchlechts berechneten ſich die Erkrankungen der in
743 3813 2123 3865 jener Geſellſchaft repräſentirten Bevölkerung für das männliche und
740 3857 2124 3908 weibliche Geſchlecht während des Jahres 1883 dahin: von einem bis
745 3903 2125 3955 zu ſechs Tagen 391 und 204, von ſieben bis dreizehn 432 und 320,
739 3949 2124 4000 von vierzehn bis zwanzig 408 und 306, von ein⸗ bis ſiebenundzwanzig
741 3994 2125 4043 320 und 163, von achtundzwanzig bis vierunddreißig Tagen
745 4041 2125 4088 136 und 204, länger bis nicht voll ſechs Wochen 148 und 123,
739 4085 2127 4136 bis ſieben Wochen ausſchließlich 65 und 102, bis acht Wochen 77
746 4131 2128 4180 und 82, bis neun Wochen 47 und 48, bis zehn und elf Wochen je 36
741 4176 2129 4227 und 41, bis zwölf Wochen 24 und 14, bis dreizehn Wochen 18
740 4222 2131 4271 und 7, bis nicht voll ein halbes Jahr 142 und 136, länger als ein
744 4267 2127 4316 halbes Jahr 71 und 67, insgeſammt 2350 und 1798 Fälle. Dadurch,
742 4313 2129 4362 daß hierunter die Ueberträge aus 1882 mit dem bloßen Reſte der
746 4353 2134 4407 Krankheitsdauer ſtecken, wird die Zahl der kurzen Krankheiten zwar
744 4404 2128 4453 etwas zu hoch und die der länger währenden etwas zu niedrig; das
743 4451 1981 4499 vorliegende Material geſtattet indeſſen keine völlige Korrektur.
1008 4546 1868 4598 Kunſt, Wiſſenſchaft und Literatur.
833 4631 2131 4682 Die Krankenverſicherungsbeiträge, welche zu den
750 4676 2134 4724 Betriebs⸗ und Werkſtätten⸗Krankenkaſſen bei den
748 4721 2136 4773 Staatseiſenbahnen zu leiſten ſind. Für die Lohnſätze von
748 4767 2134 4819 1 — 3 ℳ, von 0,05 ℳ zu 0,05 ℳ ſteigend, auf 1 — 31 Tage berechnet
745 4812 2132 4863 von H. Krohn, Kgl. Eiſenb.⸗Sekret. 3. Aufl. Berlin, 1884. Franz
751 4857 2130 4907 Siemenroth. Preis 50 ₰. — Nachdem durch den Erlaß des Mi⸗
752 4903 2131 4954 niſters der öffentlichen Arbeiten vom 28. März d. I. die Normal⸗
752 4949 2132 4999 ſtatuten für die im Bereich der Staats⸗Eiſenbahnverwaltung zu
748 4993 2134 5046 errichtenden Betriebs⸗, Werkſtätten⸗ und Bau⸗Krankenkaſſen mitgetheilt
752 5039 2133 5091 ſind, und zugleich Beſtimmung getroffen worden iſt, mit der Errichtung
751 5085 2135 5133 der Krankenkaſſen ſofort zu beginnen, hat der Verf. es unternommen, zur
753 5129 2130 5178 Erleichterung für die Aufſtellung von Lohnrechnung bezw. die revi⸗
752 5175 2133 5221 direnden Kalkulaturbeamten in dem vorſtehenden Schriftchen eine Lohn⸗
753 5220 2135 5271 berechnungs⸗Tabelle aufzuſtellen, in welcher erſichtlich gemacht iſt,
752 5265 2140 5316 welche Krankenverſicherungsbeiträge die Betriebs⸗ und Werkſtätten⸗
755 5312 2136 5357 arbeiter der Staats⸗Eiſenbahnen von dem verdienten Lohne und pro
752 5356 2137 5408 Tag der Erhebungsperiode zu zahlen, und welchen Beitrag für
757 5402 2137 5455 jeden Arbeiter die Eiſenbahn⸗Verwaltung aus ihren Fonds
761 5446 2138 5499 zur Krankenkaſſe zuzuſchießen hat. Die Aufſtellung hat in
759 5491 2147 5542 der Weiſe ſtattgefunden, daß der verdiente Lohn pro Tag und dem⸗
757 5537 2140 5587 nächſt der vom verdienten Lohn zu erhebende Beitrag von 3 % in der
758 5582 2141 5633 im §. 5 des Normalſtatuts vorgeſchriebenen Weiſe ermittelt iſt;
757 5628 2141 5676 demnächſt iſt berechnet, welchen Betrag des Geſammtbeitrags der
762 5672 2141 5723 Arbeiter (2 %), und welchen die Verwaltung (1 %) zur Kaſſe zu leiſten
763 5717 2141 5765 hat. Die Berechnung der Kranken⸗Verſicherungsbeiträge hat für die
760 5764 2143 5815 Lohnſätze von 1 bis inkl. 3 ℳ von 0,05 ℳ zu 0.05 ℳ ſteigend und
763 5807 2142 5860 auf 1 — 31 Tage ſtattgefunden. — Den Königlichen Eiſenbahn⸗
764 5854 2154 5901 Betriebsämtern bezw. Hauptwerkſtätten ſei dieſe Lohnberechnungs⸗
764 5898 2144 5945 tabelle als eine Ausarbeitung empfohlen, die geeignet iſt, einerſeits
767 5943 2152 5992 den mit der Aufſtellung der Lohnrechnungen beauftragten äußeren
763 5990 2154 6037 Dienſtſtellen die Berechnung weſentlich zu erleichtern, an⸗
765 6034 2147 6087 dererſeits aber auch dem kalkulirenden Beamten die Nachrechnung der
767 6078 2148 6130 einzelnen Exempel jeder Lohnrechnung zu erſparen und ſomit die
767 6123 2151 6175 ſchleunige Erledigung derſelben zu fördern. Schließlich ſei noch be⸗
759 6168 2152 6219 merkt, daß die rechneriſche Richtigkeit der Tabellen in der Kalkulatur
769 6214 1924 6265 der Königlichen Eiſenbahn⸗Direktion Berlin feſtgeſtellt iſt.
844 6257 2154 6308 — Von Friedrich Chriſtoph Schloſſers klaſſiſcher
774 6304 2154 6354 „Weltgeſchichte für das deutſche Volk“, 4. Ausg be, neu
768 6348 2151 6398 durchgeſehen von Dr. Oskar Jäger und Dr. Franz Wolff (Verlag
767 6392 2157 6443 von Oswald Seehagen, Berlin SW., Königgrätzer Straße 65) ſind
772 6438 2156 6487 die Lieferungen 6 — 8 (Schluß des zweiten Bandes) erſchienen, in
771 6483 2155 6531 denen die Geſchichte der Griechen beendet und die der Römer bis
771 6528 2150 6577 zum Beginn des erſten puniſchen Kriegs fortgeführt wird. Zahlreiche
775 6573 2152 6621 intereſſante Illuſtrationen ſowie eine Karte der Diadochenreiche im 2.
775 6618 2157 6664 und 3. Jahrhundert ſchmücken die Hefte, von denen ein jedes bei einer
782 6665 1697 6711 Stärke von bis zu 10 Bogen nur 1 ℳ koſtet.
860 6707 2155 6755 — Die Fortſetzung des Romans von Alexander Kielland: „For⸗
777 6753 2150 6802 tuna“ eröffnet das neue Januarheft der „Deutſchen Rundſchau“
779 6798 2162 6847 (Verlag von Gebrüder Pätel, Berlin), und mit Recht iſt dieſe eigen⸗
786 6842 2161 6894 artige, ſeltſam packende Schöpfung an die Spitze geſtellt worden; in
780 6887 2162 6937 faſt dramatiſcher Weiſe reißt uns das Werk mit fort und führt uns
786 6932 2162 6980 eine Tragödie der Geld⸗ und Glücksverblendung vor Augen. — Ein
2190 806 3574 869 ſehr ſympatiſcher Beitrag zur Grimmfeier iſt der Artikel Albert
2191 855 3581 910 Dunckers: „Aus den Jugendjahren der Gebrüder Grimm“, in welchem
2191 902 3580 957 uns gemüthvoll und anregend die Jugend⸗, Lern⸗ und Lehrzeit
2189 948 3573 1002 des edlen Brüderpaares geſchildert wird. — Der großes
2192 989 3578 1048 Intereſſe erregende Aufſatz: „Die Stätten des Elends
2188 1038 3575 1093 in London“ von Profeſſor G. M. Aſher findet in dem vorliegenden
2190 1079 3582 1141 Heft ſeinen Schluß. — Ein klares und beſonders im gegenwärtigen
2190 1130 3574 1185 Moment der Etatsberathungen willkommenes Bild von der „Finanz⸗
2187 1177 3575 1231 lage der europäiſchen Großmächte“ giebt uns Profeſſor Rich. von
2190 1220 3577 1279 Kaufmann. — Von ſteigendem Intereſſe iſt Paul Güßfeldts „Reiſe in
2191 1266 3576 1320 den Andes von Chile und Argentinien“, welche in einem neuen Ab⸗
2192 1313 3576 1367 ſchnitt vorliegt. Der kühne Reiſende führt uns diesmal in die gran⸗
2190 1359 3580 1413 dioſen Alpen⸗Höhen und entrollt vor uns eine gewiſſermaßen un⸗
2194 1404 3577 1458 bekannte Welt, denn vor Güßfeld hat weder ein Europäer,
2194 1452 3583 1503 noch ein Eingeborener jene mit ewigem Schnee umgebenen
2193 1498 3585 1554 Spitzen erklommen. Zu dem Reiz des hier wiedergegebenen
2193 1542 3579 1595 Neuen kommt noch die elegante und lebhafte. Schreibweiſe
2193 1588 3577 1639 des Autors. — Von einem arbeitſamen, unermüdlichen Gelehrten⸗
2195 1634 3580 1686 Leben erhalten wir durch Profeſſor F. X. Kraus' kurzen Artikel über
2196 1680 3578 1732 Don Luigi de Bruzza, den verdienſtvollen, archäologiſchen italieniſchen
2197 1725 3581 1781 Forſcher Kunde. — Ueber die bisherige Saiſon der Berliner Theater
2192 1771 3580 1824 referirt Karl Frenzel. — Der „Politiſchen Rundſchau“ reiht ſich
2194 1817 3582 1869 eine umfaſſende „Literariſche Rundſchau“ an, und dieſer folgen wie⸗
2193 1863 3581 1912 derum literariſche Notizen ſowie die Bibliographie, mit welcher letz⸗
2195 1912 3299 1959 teren das abwechſelungsvolle Heft ſeinen Schluß findet.
2609 2024 3169 2066 Gewerbe und Handel.
2280 2101 3587 2152 Der Verwaltungsrath der hieſigen Diskonto⸗Geſell⸗
2196 2151 3581 2201 ſchaft hat, wie „W. T. B.“ mittheilt, beſchloſſen, die Abſchlags⸗
2191 2197 3583 2244 dividende mit 4 % vom 12. Januar c. ab zur Auszahlung zu
2193 2246 2351 2296 bringen.
2275 2288 3581 2337 — Das Konſulat der Vereinigten Staaten von Nordamerika in
2195 2334 3584 2386 Stuttgart hat eine Ueberſicht über den Werth der deklarirten
2194 2382 3587 2429 Ausfuhr des Konſulardiſtrikts Stuttgart nach den
2192 2425 3592 2475 Vereinigten Staaten herausgegeben, welchem der „St.⸗Anz. f.
2194 2472 3585 2523 W..“ Folgendes entnimmt: Es wurden Waaren ausgeführt im Jahre
2200 2519 3584 2566 1884 im Geſammtwerth von 925 015 Dollars (im Jahr 1883
2194 2564 3586 2613 791 074 Doll), ſomit mehr um 133 941 Doll. Die Haupt⸗Ausfuhr⸗
2192 2607 3587 2659 artikel waren: Korſetten 585 902 Doll. (+ 140 900), Droguen und
2195 2655 3585 2705 Chemikalien 57 771 (+ 47 900), Farben 52 443 (— 13 000), Muſik⸗
2193 2703 3580 2750 inſtrumente 51 546 (+ 27 300), Baumwollwaaren 27 840 (— 5000),
2195 2748 3588 2795 illuſtrirte Schriften und Bücher 22 367 (+ 6130), Landesprodukte
2196 2794 3583 2842 17 133 (+ 5000), Cichorie 16 830 (— 48 800). Eine Abnahme zeigt
2191 2839 3583 2890 auch Leder 2728 (— 8000), Bettfedern 4558 (— 20 000). Eine kleine
2197 2886 3579 2935 Zunahme zeigen Wollwaaren 6148 (+ 2300), Weine 8712 (+ 3000),
2194 2935 2701 2980 Juwelen 8136 (+ 1000).
2282 2989 3584 3037 Danzig, 7. Januar. (W. T. B.) Die Einnahmen der
2196 3035 3583 3083 Marienburg⸗Mlawkaer Eiſenbahn betrugen im Dezember
2199 3082 3581 3132 pr. 167 200 ℳ, mithin 30 554 ℳ mehr als im ſelben Zeitraum des
2196 3132 2397 3173 Vorjahres.
2283 3173 3581 3221 Elberfeld, 6. Januar. (W. T. B) Der Erſte Direktor der
2197 3215 3578 3268 Bergiſch⸗Märkiſchen Bank, Auguſt de Weerth, iſt heute ge⸗
2194 3268 2334 3315 ſtorben.
2276 3311 3583 3356 London, 6. Januar. (W. T. B.) Die Paſſiva der Firma
2198 3357 3583 3404 Gebrüder F. J. Badart, welche geſtern ihre Zahlungen ein⸗
2197 3405 2748 3449 ſtellten, betragen 400 000 £
2281 3446 3584 3496 New⸗York, 5. Januar. (W. T. B.) Weizenverſchif⸗
2197 3493 3585 3543 fungen der letzten Woche von den atlantiſchen Häfen der Ver⸗
2197 3539 3586 3586 einigten Staaten nach Großbritannien 49 000, do. nach Frank⸗
2197 3586 3587 3634 reich 42 000, do. nach anderen Häfen des Kontinents 26 000, do. von
2196 3632 3585 3677 Kalifornien und Oregon nach Großbritannien 96 000, do. nach an⸗
2197 3679 2942 3724 deren Häfen des Kontinents — Orts.
2267 3723 3584 3769 — 6. Januar. (W. T. B.) Der Werth der in vergangener
2203 3768 3470 3814 Woche ausgeführten Produkte betrug 6 393 000 Dollars.
2540 3878 3242 3928 Submiſſionen im Auslande.
2730 3961 3062 4006 I. Oeſterreich.
2293 4020 3593 4065 10. Januar. Wien. Generaldirektion der K. K. priv. Südbahn⸗
2199 4064 3594 4114 Geſellſchaft. Lieferung von 1500 Metercentner Theeröl zur Holz⸗
2200 4111 3591 4159 Imprägnirung. Die näheren Bedingungen bei der genannten Direktion,
2203 4160 2449 4200 Südbahnhof.
2735 4205 3060 4246 II. Portugal.
2288 4248 3594 4297 1) 12. Februar. Liſſabon. Miniſterium für Marine und über⸗
2203 4292 3591 4340 ſeeiſche Angelegenheiten. Bau und Betrieb einer Eiſenbahn von
2203 4337 3592 4386 Loanda bis Ambaca (Provinz Angola). Kaution 270 000 ℳ Die
2204 4383 3600 4430 Regierung überläßt dem Unternehmer die Ausnutzung der Bahn für
2203 4429 3589 4475 99 Jahre und garantirt ihm eine jährliche Rente von 6 % der auf
2200 4475 3590 4522 die Anlage verwendeten Gelder. Die Baſis der letzteren beträgt
2202 4521 3589 4566 90 000 ℳ. pro Kilometer. Nach 25 Jahren ſteht der Regierung das
2201 4566 3594 4611 Rückkaufsrecht zu. Die näheren Bedingungen in portugieſiſcher
2206 4612 3598 4658 Sprache zur Einſicht in der Expedition des „Deutſchen Reichs⸗
2198 4661 2415 4703 Anzeigers“.
2288 4702 3597 4749 2) Die näheren Bedingungen zu der in Nr. 291 des „Reichs⸗
2209 4748 3597 4793 Anzeigers“ von 1884 mitgetheilten Submiſſion, betreffend den Bau
2206 4794 3591 4839 einer Mole in Funchal liegen in portugieſiſcher Sprache gleichfalls
2205 4839 3591 4883 in der Expedition des „Deutſchen Reichs⸗Anzeigers“ zur Einſicht aus.
2209 4886 3019 4930 Termin 28. Februar, Kaution 40 500 ℳ
2653 4993 3142 5037 Verkehrs⸗Anſtalten.
2293 5076 3597 5123 Die Königliche Direktion der Berlin⸗Hamburger
2204 5123 3598 5170 Eiſenbahn veröffentlicht folgende Bekanntmachung, betreffend
2208 5169 3598 5214 Beförderung von Gepäckſtücken, Gütern ꝛc. auf Gepäck⸗
2210 5214 3435 5262 ſchein ohne Löſung von Fahrbillets (Expreßgut):
2300 5259 3593 5303 Im Lokalverkehr, ſowie im direkten Verkehr mit den übrigen
2211 5305 3595 5353 Preußiſchen Staats⸗ und unter Staatsverwaltung ſtehenden Eiſen⸗
2208 5350 3599 5396 bahnen werden in denjenigen Relationen, für welche eine direkte
2209 5395 3595 5442 Gepäckabfertigung beſteht, Gepäckſtücke aller Art, ſowie
2214 5441 3600 5487 Güter, Hunde und ſonſtige kleine Thiere in Käfigen, welche ſich zur
2213 5486 3602 5532 Beförderung im Packwagen eignen, auf Gepäckſchein ohne
2211 5531 3605 5578 Löſung von Fahrbillets ſowohl in den gewöhnlichen Perſonen⸗
2218 5577 3603 5624 zügen als auch in den Schnell⸗ und Expreßzügen befördert.
2301 5622 3596 5667 Derartige Sendungen unter 20 kg werden für 20 kg gerechnet,
2209 5667 3602 5712 das darüber hinausgehende Gewicht wird mit 10 kg ſteigend ſo be⸗
2208 5713 3206 5758 rechnet, daß je angefangene 10 kg für voll gelten.
2300 5757 3607 5804 Der zu erhebende Mindeſtbetrag an Gepäckfracht beträgt 1 ℳ
2215 5802 3607 5849 für jede Sendung, gleichviel ob die Beförderung mit einem gewöhn⸗
2206 5848 3596 5895 lichen Perſonen⸗, Expreß⸗ oder Schnell⸗ bezw. Courierzuge erfolgt,
2211 5893 3602 5941 und finden im Uebrigen die Taxen der bezüglichen Gepäcktarife An⸗
2210 5938 3453 5984 wendung, welche auf den Stationen eingeſehen werden können.
2306 5982 3599 6028 Die Beförderung auf Gepäckſchein findet nur nach denjenigen
2215 6027 3599 6074 Stationen ſtatt, auf welchen die betr. Züge fahrplanmäßigen Aufent⸗
2210 6072 3600 6119 halt haben, auch iſt eine direkte Expedition im Verkehre über
2215 6118 3606 6164 Berlin hinaus nur nach denjenigen Stationen zuläſſig, für welche
2219 6164 2974 6209 Tarifſätze via Stadtbahn beſtehen.
2310 6208 3601 6254 In Betreff der Behandlung der Gepäckſendungen iſt Folgendes
2213 6257 2454 6300 zu beachten:
2306 6298 3608 6346 1) Die Auflieferung muß mindeſtens ½ Stunde vor Abgang des
2220 6342 3607 6391 Zuges, mit welchem die Beförderung ſtattfinden ſoll, erfolgen. Später
2215 6389 3606 6435 aufgelieferte Sendungen finden nur dann Beförderung mit dem betr.
2221 6433 3603 6481 Zuge, wenn hierdurch die ordnungsmäßige Abfertigung und Beförde⸗
2214 6479 3154 6528 rung des Reiſegepäcks nicht beeinträchtigt wird.
2309 6523 3608 6569 2) Den Gepäckſchein erhält der Regel nach der Verſender, und
2219 6568 3608 6614 wird in dieſem Falle die Sendung ohne vorherige Aviſirung
2220 6613 3608 6662 gegen Rückgabe des Gepäckſcheins an den Inhaber deſſelben aus⸗
2219 6662 2390 6706 geliefert.
2317 6700 3609 6748 3) Auf Verlangen des Verſenders kann indeſſen der Gepäckſchein
2221 6746 3605 6794 der Sendung beigegeben werden, wenn letztere mit der vollſtändigen
2221 6794 2946 6839 Adreſſe des Empfängers verſehen iſt.
2320 6835 3613 6884 In dem Falle ad 3 findet die Auslieferung gegen Quittung des
2229 6879 3613 6929 Adreſſaten und, ſofern der Empfänger dem Expeditionsperſonal nicht
2225 6925 3597 6974 bekannt iſt, nur nach vorgängiger Legitimation deſſelben ſtatt. Es
3645 791 5032 851 empfiehlt ſich daher, in ſolchen Fällen den Empfängern die Sendung
3650 843 5029 895 entſprechende Zeit vor der Aufgabe durch eine Poſtkarte oder gleich⸗
3650 889 5022 942 zeitig mit der Aufgabe durch eine Depeſche zu aviſiren, welche Aviſe
3651 934 5020 985 von den Adreſſaten als Legitimation benutzt werden können. Erfolgt
3648 980 5023 1031 die Abholung der Sendung nicht innerhalb einer Stunde nach An⸗
3647 1025 5028 1078 kunft derſelben, ſo ſind die Stationen ermächtigt und nach Ablauf von
3655 1071 5024 1125 zwei Stunden verpflichtet, das Gut den am Stationsorte woh⸗
3650 1116 5027 1168 nenden Adreſſaten, ſofern die Beſchaffenheit der Kollis keine
3656 1162 5026 1214 Schwierigkeiten bietet und das erforderliche Perſonal zur Verfügung
3656 1207 5029 1260 ſteht, bahnſeitig innerhalb der für Eilgut vorgeſchriebenen Friſt von
3653 1254 5031 1306 6 Stunden zuzuſtellen. — Falls eine bahnſeitige Beſtellung nicht er⸗
3656 1301 5025 1353 folgen kann, wird den am Orte wohnenden Empfängern das Gut
3652 1344 5027 1399 durch expreſſen Boten, den auswärtigen Empfängern per Poſt aviſirt.
3745 1391 5025 1445 Zuſtellung und Aviſirung ruhen in der Zeit von 10 Uhr Abends
3653 1445 4058 1488 bis 6 Uhr Morgens.
3746 1484 4881 1537 Für die Zuſtellung durch Bahnperſonal werden erhoben:
3790 1530 5044 1579 a. für Sendungen von einem Gewicht bis zu 15 kg. 0,20 ℳ
3793 1575 5038 1625 b. „ jede weitere angefangene 10 kg 0,10 „
3746 1623 5019 1674 Für die Aviſirung durch beſondere Boten kommen 0,20 „
3656 1666 5027 1718 für die Aviſirung durch die Poſt das verauslagte Porto zur Erhebung.
3745 1713 5027 1765 4) Iſt „Selbſtabholung“ oder „Bahnhof lagernd“
3652 1759 5027 1807 durch den Abſender vorgeſchrieben, ſo findet weder eine bahn⸗
3659 1808 4423 1857 ſeitige Zuſtellung noch Aviſirung ſtatt.
3744 1848 5028 1901 5) Wird das Gut innerhalb 24 Stunden nach Abſendung des
3656 1896 5026 1947 Aviſes, bezw. wenn Selbſtabholung durch den Adreſſaten vorgeſchrieben
3659 1941 5026 1993 iſt, nach Eingang der Sendung nicht abgeholt, ſo iſt für daſſelbe das
3657 1990 4741 2039 für Reiſegepäck vorgeſchriebene Lagergeld zu entrichten.
3750 2033 5026 2085 6) Im Uebrigen gelten die allgemeinen, für die Gepäckbeförderung
3659 2086 4139 2129 beſtehenden Vorſchriften.
3744 2124 5027 2175 7) In Berlin erfolgt die Zuſtellung der für daſelbſt wohn⸗
3658 2170 5027 2221 hafte Adreſſaten beſtimmten Sendungen, falls nicht vom Abſender
3661 2216 5034 2267 „Selbſtabholung“ durch den Adreſſaten oder „Bahnhof⸗restante“ vor⸗
3657 2263 5028 2313 geſchrieben und ſolches auf dem Gepäckſchein vermerkt worden iſt,
3652 2308 5028 2357 durch die Berliner Packetfahrt⸗Geſellſchaft innerhalb einer gleichen
3657 2354 5029 2404 Friſt von 6 Stunden, nach Ankunft des betr. Zuges, wobei jedoch die
3657 2400 5030 2452 Zeit von 7 Uhr Abends bis 7 Uhr Morgens nicht in Anſatz kommt.
3744 2445 5035 2495 An Sonn⸗ und Feiertagen erfolgt bis auf Weiteres nur eine ein⸗
3657 2496 4257 2541 malige Beſtellung Vormittags
3735 2537 5037 2592 Für die Zuſtellung durch die Packetfahrt⸗Geſellſchaft werden
3654 2586 3821 2632 erhoben:
3714 2629 4965 2680 a. für Collis im Gewicht bis einſchließlich 10 kg 0,30 ℳ
3722 2674 4970 2726 b. „ „ „ „ „ „ 25 kg 0,60 ℳ
3712 2721 4966 2769 c. „ „ „ „ von mehr als 25 kg 1,00 ℳ
3738 2766 5034 2817 8) Die für Hamburg einſchließlich der ehemaligen Vorſtadt
3654 2811 5033 2863 St. Georg beſtimmten Sendungen werden den Adreſſaten Mangels
3656 2857 4956 2909 gegentheiliger Ordre durch die Kofferträger zugeſtellt, und hierfür
3714 2903 5030 2951 a. bei Collis bis zu einem Gewicht von 15 kg eine Gebühr
3782 2948 4968 2994 von 0,20 ℳ
3719 2996 4968 3045 b. für jede weitere angefangene 10 kg eine ſolche von 0,10 ℳ
3651 3048 3810 3095 erhoben.
4055 3244 4646 3301 Berlin, 7. Januar 1885.
3736 3330 5045 3379 Die Kunſtausſtellung des Vereins Berliner Künſtler,
3655 3378 5039 3423 Kommandantenſtraße 77/79, hat eine ſehr intereſſante Bereicherung
3651 3424 5032 3469 erhalten, nämlich 11 Paſtellgemälde von Br. Piglheim in München,
3654 3465 5039 3516 dem bekannten Maler jener bereits photographiſch vervielfältigten
3657 3512 5039 3562 originellen „Idylle“, welche Kindchen und Hund in traulicher Vereini⸗
3654 3561 5033 3610 gung zuſammenſitzend darſtellt. Dem Publikum wird nun die Ge⸗
3650 3606 5033 3652 legenheit geboten, in einer größeren Anzahl von Werken die Be⸗
3650 3654 4363 3699 deutung des Künſtlers zu würdigen.
3741 3811 5042 3855 Die von dem Apotheker Richard Schwerin auf Grund der Ge⸗
3653 3859 5043 3905 nehmigung des Ober⸗Präſidenten der Provinz Brandenburg, vom
3654 3902 5048 3950 14. Mai v. Is., in dem Hauſe „Müllerſtraße Nr. 26 a“ hier einge⸗
3657 3949 5042 3996 richtete Apotheke iſt am 30. v. M. nach vorſchriftsmäßiger Re⸗
3659 3999 4109 4042 viſion eröffnet worden.
3744 4115 5050 4166 Stolze'ſcher Stenographen⸗Verein. Hauptverſamm⸗
3660 4164 5046 4211 lung: Donnerſtag, den 8. Januar, Abends 8 Uhr, im Reſtaurant
3660 4210 5039 4257 Kurfürſtenkeller, Poſtſtr. 5, Hof l. p. Tagesordnung: 1) Vortrag
3659 4255 5043 4302 des Hrn. cand. med. Mantzel: Das gegenwärtige Verhältniß der
3658 4300 5039 4346 altſtolze'ſchen Schule zur neuſtolze'ſchen. 2) Vereinsangelegenheiten
3663 4346 5039 4394 (Beſchlußfaſſung betr. das Magazin ꝛc.). — Am Montag, den 12. Januar,
3662 4392 5044 4439 beginnt im Reſtaurant Alte Münze, Werderſcher Markt 9, ein un⸗
3659 4437 5042 4484 entgeltlicher ſtenographiſcher Fortbildungskurſus für Mitglieder des
3663 4483 5037 4529 Stolze'ſchen Stenographen⸗Vereins, zu welchem namentlich die⸗
3666 4528 5041 4577 jenigen Herren geladen ſind, welche erſt in dieſem Winter die Steno⸗
3663 4573 5037 4621 graphie erlernten. Der Kurſus wird an jedem folgenden Montag
3664 4619 5036 4667 fortgeſetzt. Nordbezirk: jeden Mittwoch, Abends 8 Uhr, Uebungs⸗
3659 4662 5038 4710 verſammlung im Reſtaurant zum Dominikaner, Friedrichſtr. 125.
3666 4708 5039 4757 Südbezirk: jeden Freitag, Abends 8 Uhr, Uebungsverſammlung in
3666 4756 4507 4800 Beau's Bierhallen, Kommandantenſtr. 62.
3749 4901 5048 4947 Madrid, 6. Januar. (W. T. B.) Geſtern Abend wurde in
3665 4945 5046 4995 Malaga eine leichte Erderſchütterung verſpürt, während in
3664 4990 5045 5040 Granada ein ſtarker Erdſtoß ſtattfand, durch welchen das Prä⸗
3669 5037 5042 5089 fekturgebäude beſchädigt wurde. Ebenſo wurden in Motril und
3663 5087 4489 5133 Loja Erderſchütterungen wahrgenommen.
3749 5241 5045 5291 Die Herren Friedrich Koch und Georg Stolzenberg,
3665 5288 5042 5335 ehemalige Schüler der Königlichen Hochſchule, gaben geſtern im Saale
3667 5330 5042 5379 des Hotel de Rome ihr erſtes öffentliches Concert. Der Erſtgenannte
3670 5377 5033 5425 bewies auf dem Cello eine bereits ſehr weit entwickelte Fertigkeit,
3665 5423 5041 5470 mit der zugleich ein breiter geſangreicher Ton und verſtändnißvolle
3668 5468 5043 5516 Auffaſſung verbunden war. Hr. Stolzenberg zeigte als Pianiſt, in
3665 5514 5043 5561 allerdings nicht ſchwierigen Muſikſtücken eine klaren Anſchlage⸗ und
3671 5558 5044 5605 feine Schattirungsweiſe. Nach dem gemeinſchaftlichen Vortrag der
3668 5605 5044 5649 G-moll-Sonate von Beethoven brachten beide Concertgeber eigene
3669 5649 5043 5696 Kompoſitionen zu Gehör. Unter den kleinen, gefälligen Klavierſtücken
3671 5695 5041 5742 des Hrn. Stolzenberg: „Heitere Muſik“ betitelt, gefielen beſonders
3675 5738 5046 5789 „Friſch dahin“ und „à la Mazurka“. Die „Noveletten“ ſo⸗
3672 5786 5041 5834 wie die „Variationen über ein deutſches Lied“, beide von
3674 5830 5045 5879 Hrn. Koch für Cello und Pianoforte komponirt, waren
3672 5875 5043 5922 tiefer durchdachte Muſikſtücke. Den Schluß bildete ein Streichquartett
3668 5920 5044 5968 in C-dur von Hrn. Stolzenberg, welches hübſche Motive und in for⸗
3670 5962 5042 6014 meller Hinſicht eine geſchickte Behandlung erkennen ließ. Ein ſelbſt⸗
3668 6011 5046 6059 ſtändig ausgeprägter Styl wird ſich gewiß mit der Zeit bei fleißigem
3673 6054 5045 6105 Fortſtreben entwickeln. An der ſehr gelungenen Ausführung des
3674 6102 5045 6147 Quartetts hatten ſich der Kammermuſikus Müller und die Herren
3673 6143 5047 6193 Sachſe und Salzwedel betheiligt. Das Publikum, welches zahlreich
3671 6191 5042 6242 erſchienen war, ſpendete den beiden jugendlichen Concertgebern reichen
3670 6239 3819 6283 Beifall.
3760 6348 5047 6397 Im Circus Renz finden jetzt allabendlich die jugendlichen
3672 6389 5048 6441 Reckturnerinnen Geſchwiſter Thora und Thekla Hoffmann beſonders
3673 6442 3965 6487 vielen Beifall.
3676 6675 3873 6731 Berlin:
4150 6632 4599 6672 Redacteur: Riedel.
3906 6724 5032 6773 Verlag der Expedition (Scholz). Druck: W. Elsner.
4179 6797 4554 6860 Fünf Beilagen
4069 6869 4672 6921 (einſchließlich Börſen⸗Beilage).
6720 922 7872 1038 Erſte Beilage
5292 1078 9233 1283 zum Deutſchen Reichs⸗Anzeiger und Königlich Preußiſchen Staats⸗Anzeiger.
5160 1311 5414 1423 No. 5.
6746 1291 7874 1376 Berlin, Mittwoch, den 7. Januar
9117 1267 9442 1360 1885.
5618 1537 6024 1595 Protokolle
5133 1599 6520 1669 der zur Zeit in Berlin tagenden Afrikaniſchen
5458 1655 6196 1708 Konferenz, nebſt Anlagen.
5633 1735 5998 1788 Protocole No. 6.
5511 1809 6143 1855 Séance du 22 décembre 1884.
5337 1880 5703 1927 Etaient présents:
5181 1938 5621 1989 Pour I'Allemagne
5230 1979 5858 2032 M. Busch, — M. de Kusserow.
5179 2029 5820 2081 Pour l'Autriche-Hongrie
5227 2076 5649 2125 le Comte Széchényi.
5186 2124 5602 2173 Pour la Belgique
5223 2158 6529 2213 le Comte van der Straten-Ponthoz, — le Baron Lambermont.
5184 2214 5634 2264 Pour le Danemark
5230 2262 5485 2307 M. de Vind.
5184 2305 5569 2354 Pour l'Espagne
5231 2351 5696 2397 le Comte de Benomar.
5187 2384 6018 2447 Pour les Etats-Unis d'Amérique
5230 2432 6189 2489 M. John A. Kasson, — M. Henry S. Sanford.
5184 2492 5553 2537 Pour la France
5232 2529 5670 2577 le Baron de Courcel.
5193 2576 5836 2626 Pour la Grande-Bretagne
5232 2625 5620 2667 Sir Edward Malet.
5188 2672 5506 2717 Pour l'Italie
5238 2712 5673 2759 le Comte de Launay.
5188 2761 5642 2808 Pour les Pays-Bas
5235 2800 5848 2851 le Jonkheer van der Hoeven.
5193 2848 5615 2897 Pour le Portugal
5236 2887 6293 2944 le Marquis de Penafiel, — M. de Serpa Pimentel.
5190 2945 5558 2990 Pour la Russie
5237 2989 5619 3034 le Comte Kapnist.
5193 3031 5916 3080 Pour la Suède et la Norwège
5242 3078 5813 3123 le Général Baron de Bildt.
5197 3127 5593 3174 Pour la Turquie
5237 3173 5482 3217 Saïd Pacha.
5239 3221 6547 3287 La séance est ouverte à 2 heures ¾, sous la Présidence de
5153 3292 5360 3335 M. Busch.
5242 3310 6550 3377 Avant d'aborder l'examen des questions à l'ordre du jour, le
5158 3361 6546 3424 Comte Széchényi demande à présenter une observation relative
5157 3408 6542 3472 au préambule du Projet d'Acte de navigation concernant le Congo.
5158 3448 6543 3516 Le Représentant de l'Autriche-Hongrie estime que ce texte, tel
5156 3498 6548 3563 qu'il a été remanié dans la séance du 18 décembre (Protocole
5160 3544 6549 3607 No. 5, pag. 12) ne répond pas exactement au véritable état de
5157 3591 6551 3651 choses. Il y est dit, en effet, que „le Congrès de Vienne ayant
5158 3633 6553 3695 établi certains principes, et ces principes ayant été appliqués
5160 3679 6553 3743 notamment au Danube, en vertu des Traités de Paris, de Berlin
5157 3724 6546 3788 et de Londres,..... les Puissances..... ont résolu, etc. etc.“
5164 3773 6554 3835 Or, comme il résulte de la discussion même qui a eu lieu dans
5159 3817 6555 3880 la Haute Assemblée, il serait inexact d'affirmer ainsi que les prin-
5159 3866 6556 3927 cipes du Congrès de Vienne ont été appliqués, suivant leur teneur
5165 3908 6556 3975 primitive, en ce qui concerne le Danube. IIs ne l'ont été que
5155 3954 6556 4016 sous les modifications apportées précisément par les Traités sub-
5160 3996 6560 4063 séquents qui se trouvent mentionnés dans le préambule Le Comte
5160 4046 6558 4107 Széchényi propose, en conséquence, d'amender de nouveau le texte
5163 4089 6558 4152 dont il s'agit en substituant aux mots „en vertu des“ les mots
5164 4141 6024 4202 „avec les modifications prévues par les“.
5254 4182 6558 4241 Le Comte Kapnist, M Busch, Saïd Pacha et le Baron
5164 4233 6055 4289 de Courcel adhèrent à cette proposition.
5257 4274 6560 4333 Le Comte de Launay s'y rallie également, en faisant re-
5162 4323 6117 4381 marquer qu'elle répond à la réalité des faits.
5257 4363 6561 4422 Sir Edward Malet approuve, de son côté, la nouvelle rédaction
5168 4415 6080 4475 suggérée, comme plus exacte et plus claire.
5255 4455 6566 4515 M. Kasson y donne son assentiment après une nouvelle
5164 4522 5317 4560 lecture.
5255 4547 6564 4605 Le Président indique que la Haute Assemblée ayant adopté
5165 4592 6565 4651 l'amendement du Comte Széchényi, la rédaction du préambule se
5171 4644 5984 4699 trouve, par suite, arrêtée comme suit:
5450 4683 6566 4741 „Le Congrès de Vienne ayant établi par les Articles
5377 4730 6570 4784 108 à 116 de son Acte final les principes destinés à
5376 4774 6569 4835 régler, entre les Puissances signataires de cet Acte, la
5376 4821 6569 4876 libre navigation des cours d'eau navigables qui séparent
5378 4867 6570 4921 ou traversent plusieurs Etats, et ces principes ayant été
5380 4912 6569 4969 appliqués à des fleuves de l'Europe et de l'Amérique, et
5380 4958 6570 5011 notamment au Danube, avec les modifications prévues
5381 5001 6567 5061 par les Traités de Paris, de 1856, de Berlin, de 1878,
5381 5047 6568 5101 et de Londres, de 1871 et 1883, les Puissances dont les
5384 5093 6567 5150 Plénipotentiaires se sont réunis en conférence à Berlin,
5382 5140 6569 5193 ont résolu de les étendre également au Congo, à ses
5384 5185 6503 5237 affluents, ainsi qu'aux eaux qui leur sont assimilées.
5450 5226 6567 5283 A cette fin, Elles sont convenues des Articles suivants.“
5271 5276 6579 5332 Passant à l'ordre du jour, le Président donne lecture d'une
5183 5320 6575 5383 proposition formulée par la Commission en vue de prémunir les
5184 5364 6578 5425 populations indigènes contre les abus des boissons fortes et ainsi
5181 5432 5340 5469 concue:
5454 5456 6579 5514 „Les Puissances représentées à la Conférence, dé-
5385 5501 6577 5561 sirant que les populations indigènes soient prémunies
5389 5548 6579 5600 contre les maux provenant de l'abus des boissons fortes,
5395 5592 6578 5645 émettent le vœu qu'une entente s'établisse entre Elles,
5387 5637 6577 5698 pour régler les difficultés qui pourraient naître à ce
5388 5682 6579 5741 sujet d'une manière qui concilie les droits de l'humanité
5384 5727 6581 5784 avec les intérêts du commerce en ce que ces derniers
5384 5778 5968 5832 peuvent avoir de légitime.“
5275 5818 6582 5875 Le Président consulte la Haute Assemblée et fait connaître
5189 5876 5829 5923 que la proposition est adoptée.
5277 5908 6580 5966 M. Busch ajoute qu'en s'associant au vœu formulé par la
5190 5952 6581 6011 Commission, il tient cependant à constater que son Gouvernement
5192 5998 6578 6056 ne saurait consentir à ce que ce vœu pût être interprété à l'avenir
5189 6043 6582 6099 dans un sens contraire aux intérêts du commerce, ou qu'il pût
5192 6088 6585 6149 servir de prétexte à des mesures vexatoires pour la liberté du
5188 6134 6581 6190 commerce. Toutes les stipulations concernant la liberté com-
5189 6177 6583 6238 merciale que la Conférence vient de sanctionner deviendraient
5193 6223 6583 6282 illusoires, si on concédait aux différents Etats le droit d'exercer
5196 6271 6581 6325 un contrôle sur le commerce des autres. La liberté du commerce
5195 6311 6585 6374 dépendrait alors des employés chargés de ce contrôle et il s'en-
5197 6358 6584 6416 suivrait facilement, par suite de la rivalité entre les différentes
5198 6404 6582 6464 nations, qu'il s'établirait en fait ce traitement différentiel que tous
5195 6455 6260 6510 les Plénipotentiaires se sont attachés à combattre.
5286 6492 6580 6552 Le Président lit ensuite le texte de la proposition remise,
5199 6536 6586 6596 lors de la séance précédente, par Sir Edward Malet et concernant
5194 6591 6192 6640 la traite des nègres (Protocole No. 5, page 25).
5289 6624 6585 6683 L'Ambassadeur d'Italie appuie vivement le projet de Dé-
5200 6678 6487 6734 claration présenté par l'Ambassadeur de la Grande-Bretagne.
5291 6718 6587 6774 Le Comte de Launay rappelle les idées qu'il a énoncées lors
5202 6762 6590 6820 de la deuxième séance. D'après ses instructions, il se rallierait
5198 6810 6596 6869 à toute proposition tendant à prescire les mesures les plus sé-
5204 6853 6594 6908 vères, notamment en ce qui concerne la traite des nègres. Le
6586 1517 7983 1572 Gouvernement du Roi voudrait même que cet attentat de lèse-
6588 1566 7985 1617 humanité fût compris, comme la piraterie, parmi les crimes contre
6588 1618 7390 1662 le droit des gens, et puni comme tel.
6680 1651 7984 1707 M. Busch fait observer que la motion de Sir Edward Malet
6592 1704 7774 1752 vise deux formes différentes du commerce des esclaves:
6870 1747 7986 1797 1⁰ la traite des nègres, considérée comme se faisant
6793 1804 6986 1847 par mer,
6867 1834 7944 1888 2⁰ le commerce qui fournit des nègres à la traite.
6595 1879 7992 1938 Or, d'après le droit public actuel, la traite des nègres est déjà
6596 1924 7987 1981 interdite, tandis que le commerce qui fournit des nègres à la
6596 1969 7994 2026 traite n'a encore été l'objet d'aucune stipulation. Il conviendrait
6592 2019 7989 2074 donc, pour plus de clarté, de marquer la distinction entre ces
6595 2062 7986 2118 deux modalités de commerce des esclaves, en se référant, d'abord,
6594 2111 7991 2163 à l'interdiction préexistante qui atteint la première, et en for-
6595 2155 7990 2208 mulant ensuite l'interdiction nouvelle qu'il s'agit d'établir contre
6598 2216 6864 2255 la deuxième.
6689 2246 7992 2298 Le Baron de Courcel demande si la proposition actuelle-
6598 2288 7989 2347 ment soumise à la Conférence est destinée à être intercalée dans
6596 2337 7992 2390 l'une des trois Déclarations comprises dans le programme des
6598 2380 7995 2436 travaux de la Haute Assemblée, ou si, au contraire, elle formerait
6598 2437 7382 2482 la matière d'un Acte supplémentaire.
6693 2472 7996 2527 Le Président se proposait précisément de consulter la
6603 2531 7105 2574 Conférence à cet égard.
6693 2560 7999 2618 L'Ambassadeur de France fait remarquer que l'Article VI
6606 2610 7997 2663 de la Déclaration relative à la liberté du commerce répond déjà
6601 2654 8001 2712 en grande partie à l'objet que Sir Edward Malet a en vue. La
6606 2701 7998 2755 motion actuellement soumise à la Conférence constitue, en quelque
6605 2749 8002 2801 sorte, un amendement destiné à compléter le texte déjà voté, et
6604 2801 7632 2849 elle pourrait, dès lors, être rattachée à ce texte.
6696 2837 8002 2891 Sir Edward Malet préférerait que sa proposition fît l'objet
6609 2883 8004 2939 d'un Acte distinct. En l'insérant dans la Déclaration relative à
6605 2928 8004 2983 la liberté commerciale, qui s'applique seulement à des territoires
6612 2974 8002 3029 limitativement désignés, on prêterait à penser que les dispositions
6607 3020 8004 3077 concernant le commerce des esclaves ne doivent pas être étendues
6607 3065 8007 3121 en dehors de ces mêmes territoires, alors que, dans la pensée du
6614 3111 8007 3166 Gouvernement Britannique, elles devraient avoir une portée plus
6611 3157 8007 3217 générale. L'Ambassadeur d'Angleterre ajoute que bien des
6612 3202 7998 3258 difficultés insurmontables ne permettent pas d'espérer la suppression,
6613 3247 8005 3303 à bref délai, de l'esclavage dans les régions du centre Africain.
6618 3295 8000 3350 Mais ce que l'on peut et ce que l'on doit tenter immédiatement,
6619 3338 8011 3397 c'est d'empêcher le commerce de ces troupeaux de noirs qui ali-
6610 3400 6949 3446 mente la traite.
6705 3429 8013 3488 M. Kasson adhère aux idées du Représentant de la Grande-
6620 3475 8015 3537 Bretagne. Le Gouvernement des Etats-Unis voudrait même aller
6620 3522 8014 3583 plus loin et obtenir que chacune des Puissances représentées dans
6616 3565 8021 3626 la Haute Assemblée s'engageât non-seulement à ne pas tolérer le
6621 3612 8015 3670 commerce des esclaves dans les territoires soumis à sa juridiction,
6621 3658 8023 3716 mais encore à ne pas permettre aux traitants de chercher asile et
6620 3703 8023 3763 refuge dans ces mêmes territoires. Le Plénipotentiaire des Etats-
6622 3750 8022 3808 Unis rappelant l'existence de six millions de noirs émancipés aux
6624 3793 8023 3852 Etats-Unis affirme que la question intéresse spécialement le peuple
6622 3858 6851 3900 Américain.
6716 3886 8024 3942 M Busch désirerait que M. Kasson formulât ses idées en
6625 3930 8025 3991 un texte précis, afin de mettre les Plénipotentiaires en mesure de
6625 3981 7742 4036 soumettre la question à une étude plus approfondie.
6716 4025 7829 4078 M. Kasson exprime son consentement à cet égard.
6714 4062 8023 4123 Le Baron de Courcel croit avoir compris que, d'après les
6629 4114 8022 4170 intentions de l'Ambassadeur d'Angleterre, les dispositions suggérées
6625 4159 8028 4221 par Sir Edward Malet devraient être applicables, non pas seulement
6626 4203 8029 4263 dans les contrées dont s'occupe la Conférence, mais dans le monde
6623 4269 6764 4310 entier.
6717 4294 8026 4354 Le Représentant de la Grande-Bretagne ayant répondu
6629 4338 8031 4403 que tel est bien, en effet, sa pensée, le Baron de Courcel fait
6629 4389 8031 4446 observer que la question prend ainsi une extension imprévue et
6634 4430 8027 4494 que, dès lors, il semble que les Plénipotentiaires ne sauraient la
6632 4482 7766 4536 résoudre sans en avoir référé à leurs Gouvernements.
6715 4521 8032 4578 Le Président indique que, dans ces conditions, il s'agirait
6629 4571 8003 4627 en effet d'appliquer un principe nouveau dans le droit des gens.
6728 4613 8029 4672 Un échange de vues a lieu entre le Baron de Courcel et
6636 4659 8030 4719 Sir Edward Malet, confirmant que, pour répondre d'une manière
6634 4705 8024 4766 complète aux intentions du Représentant de la Grande-Bretagne,
6634 4748 8030 4811 la Conférence devrait préparer un Acte séparé applicable dans le
6636 4795 8030 4855 monde entier et destiné à former le complément du droit inter-
6633 4853 7266 4902 national en matière de traite.
6729 4886 8034 4943 Le Baron de Courcel, revenant à la proposition de
6635 4930 8035 4995 M. Kasson, relève qu'elle ne sera pas sans présenter de sérieuses
6637 4977 8035 5041 difficultés au point de vue de droit constitutionnel, au moins
6639 5022 8034 5088 pour certains Etats En France, par exemple, les principes de la
6636 5068 8033 5136 législation pénale établissent qu'un citoyen ne saurait être exclu
6640 5113 8031 5174 d'un territoire Français, sinon en vertu d'un jugement. Les
6640 5161 8037 5224 pouvoirs attribués au Gouvernement par la constitution ne vont
6640 5201 8035 5270 pas jusqu'à lui permettre des mesures d'expulsion, en dehors des
6640 5247 8036 5312 cas énumérés, limitativement, par les codes nationaux. Il faut
6637 5296 8038 5362 donc prévoir qu'il ne sera pas aisé de trouver une rédaction per-
6641 5340 8038 5404 mettant de concilier ces règles fondamentales du droit avec les
6643 5404 7077 5448 désirs de M. Kasson
6733 5434 8044 5491 M. van der Hoeven dit que ces observations peuvent
6642 5477 8043 5541 s'appliquer en ce qui concerne les Pays-Bas; il s'agit d'une sorte
6640 5521 8042 5583 d'exil ou de bannissement à prononcer contre les gens qui
6645 5568 8047 5630 font le commerce des esclaves; mais la peine du bannissement
6644 5611 8043 5676 n'existe pas d'après le nouveau code pénal Néerlandais, qui punit
6643 5662 7676 5718 sévèrement ceux qui font ou favorisent la traite.
6733 5703 8041 5762 M. Kasson explique qu'un Gouvernement ne doit pas tolérer
6644 5747 8045 5815 que des traitants prennent un territoire placé sous sa juridiction
6645 5799 7773 5852 comme base d'opérations pour leur infâme commerce.
6740 5832 8046 5900 Quiconque serait activement engagé dans un tel trafic, devrait
6646 5882 8048 5948 se voir refuser le droit de résidence et être traité en ennemi du
6647 5939 7433 5992 monde entier, tout comme un pirate.
6734 5971 8048 6033 Le Baron de Courcel ne met pas en doute la légitimité du
6646 6016 8052 6082 but poursuivi par M. Kasson; mais à raison des difficultés déjà
6645 6065 8056 6126 signalées par l'Ambassadeur de France, on doit considérer comme
6650 6107 8050 6171 nécessaire l'étude préalable de la question par des criminalistes.
6737 6152 8051 6214 Sir Edward Malet consulte le Président relativement aux
6648 6198 8053 6262 changements de forme qui pourraient être apportés à sa propo-
6650 6245 8055 6306 sition, en vue de tenir compte de la distinction, signalée comme
6650 6291 8060 6352 opportune, entre la répression de la traite et celle du commerce
6653 6349 7164 6397 qui fournit des esclaves.
6738 6379 8058 6439 M. Busch répond qu'il n'a pas préparé une rédaction et ne
6651 6423 8058 6486 saurait proposer une formule définitive, séance tenante, mais que,
6650 6469 8063 6528 sauf examen plus approfondi, on pourrait, par exemple, donner à
6653 6520 7619 6574 la motion une forme analogue à la suivante:
6936 6557 8065 6617 „Selon les principes du droit des gens, tels qu'ils
6864 6603 8066 6662 sont reconnus par les Hautes Parties Contractantes, la
6865 6648 8065 6706 traite des nègres étant interdite, les Puissances s'en-
6864 6694 8067 6758 gagent à interdire ou à supprimer également le com-
6863 6738 7774 6795 merce qui fourait des nègres à la traite.“
6752 6784 8069 6843 Le Baron de Courcel, pour éviter toute ambiguité dans les
6660 6834 7866 6895 termes, pense qu'il serait utile de spécifier nommément,
8319 1503 9120 1558 1⁰ l'interdiction de la traite par mer,
8324 1555 8948 1597 2⁰ celle de la traite sur terre.
8048 1590 9431 1645 L'Ambassadeur de France partage d'ailleurs l'opinion de M. Buselz
8046 1637 9434 1694 relativement à l'utilité de viser, d'une part, l'interdiction déjà,
8054 1687 9436 1736 existante frappant la traite par mer, et, d'autre part, l'interdiction
8055 1733 9438 1784 qu'il s'agirait d'instituer, conformément aux vues du Représentant
8052 1783 9036 1829 de l'Angleterre, au sujet de la traite sur terre.
8140 1823 9439 1870 M. Busch croit qu'il convient de renvoyer à la Commission
8050 1869 9443 1917 l'examen de la proposition de Sir Edward Malet et de celle de
8053 1911 9443 1962 M. Kasson. Il ne se dissimule pas d'ailleurs la difficulté qu'il
8056 1961 9439 2012 pourra y avoir à concilier cette dernière avec les droits souverains
8053 2009 9176 2051 et l'autonomie administrative de la plupart des Etats.
8144 2052 9442 2097 La Haute Assemblée prononce le renvoi conformément aux
8056 2101 8684 2143 conclusions de Son Président.
8144 2141 9439 2190 Le Baron de Courcel a déjà fait remarquer que la question
8057 2186 9446 2234 actuellement discutée ayant pris, au cours du débat, une ampleur
8054 2233 9436 2281 inattendue, la plupart des Plénipotentiaires ne sauraient se
8060 2278 9446 2330 prononcer sans avoir, au préalable, obtenu des instructions de leurs
8059 2323 9443 2371 Gouvernements. En vue de ces demandes de direction, il serait
8060 2369 9439 2420 indispensable que la portée et le caractère de la proposition fussent
8062 2418 8842 2463 exactement déterminés dès à présent
8150 2458 9443 2508 Sir Edward Malet dit que, dans la pensée de son Gouver-
8063 2504 9445 2553 nement, la décision à intervenir devrait avoir les effets les plus
8063 2554 8850 2603 larges et les plus généraux possibles.
8156 2594 9448 2643 Le Président fait ressortir que les Plénipotentiaires, en
8063 2639 9445 2690 sollicitant les instructions des Cabinets, auront à leur demander,
8063 2684 9447 2735 notamment, s'il leur convient d'adhérer à une résolution d'un
8065 2730 9451 2782 caractère général, ou simplement à une résolution destinée à être
8066 2777 9447 2825 intercalée dans le texte de l'Acte relatif à la liberté du commerce,
8068 2820 9454 2874 et ayant, par suite, une portée plus limitée Il annonce en outre
8069 2866 9453 2922 que l'amendement à la motion Britannique dont il a lui-même
8065 2914 9456 2967 suggéré la pensée, ainsi que l'amendement de M. Kasson seront
8067 2962 8996 3009 formulés et distribués aux Plénipotentiaires.
8162 3001 9454 3054 Le Baron de Courcel désire présenter certaines observations
8066 3047 9452 3105 se rapportant à l'alinéa marqué 1⁰ dans l'Article I de la Décla-
8068 3091 9457 3149 ration relative à la liberté du commerce et déjà votée par la
8070 3138 9459 3192 Conférence. Depuis le jour où le texte dont il s'agit a été
8070 3184 9461 3240 adopté par la Haute Assemblée, l'Ambassadeur de France a été
8069 3228 9459 3284 avisé que le Sultan de Zanzibar affirme avoir des droits de
8072 3273 9463 3329 souveraineté sur des territoires s'étendant jusqu'à la partie
8074 3319 9463 3374 orientale du lac Tanganyka. Or, ces droits, sur la valeur des-
8075 3364 9460 3423 quels le Baron de Courcel n'a, d'ailleurs, pas à exprimer d'opinion,
8078 3407 9463 3468 s'exerceraient sur des territoires compris dans le paragraphe 2 de
8079 3455 9461 3509 l'Article I de la Déclaration, puisqu'ils appartiendraient au bassin
8083 3501 9467 3561 géographique même du Congo. Le Baron de Courcel rappelle la
8079 3546 9466 3607 proposition dont il a pris l'initiative et à la suite de laquelle a
8079 3592 9461 3649 été inscrite la réserve qui figure dans le dernier paragraphe du
8086 3638 9479 3692 même Article I. Il y est dit que les Puissances, en étendant à-
8080 3682 9466 3740 une zone orientale, non comprise dans le bassin géographique du
8085 3731 9472 3785 Congo, le régime conventionnel élaboré par la Conférence, ne
8085 3773 9471 3833 stipulent que pour Elles-mêmes et que le régime conventionnel ne
8087 3818 9470 3878 s'appliquera aux territoires relevant aujourd'hui de quelque
8086 3863 9477 3920 souveraineté indépendante et reconnue que si cette autorité
8086 3908 9474 3966 souveraine y donne son consentement. Si, dans la forme, la
8089 3954 9472 4012 Conférence n'a établi cette réserve que pour les territoires situés
8089 4001 9463 4058 en dehors du bassin géographique du Congo, c'est qu'à ce moment,
8084 4045 9474 4103 rien ne la portait à présumer qu'il existât, dans les limites mêmes
8087 4090 9475 4147 du bassin du Congo, des territoires relevant actuellement d'une
8085 4134 9470 4193 souveraineté indépendante non représentée à la Haute Assemblée.
8091 4182 9477 4238 Des indications nouvelles étant de nature à faire penser que cette
8093 4227 9470 4288 supposition n'est pas exacte, le Baron de Courcel ne doute pas
8090 4273 9481 4333 que la Conférence n'interprète sa précédente décision en ce sens
8088 4316 9480 4381 que les réserves susmentionnées s'appliqueraient même dans les
8089 4357 9477 4421 limites du bassin géographique du Congo, si l'existence des droits
8089 4408 9479 4465 antérieurs de quelque souveraineté indépendante et reconnue
8089 4454 9483 4512 venait à y être constatée. Telle doit être d'autant plus la pensée
8090 4497 9471 4558 des Puissances, qu'Elles sont convenues, dans la Déclaration,
8092 4542 9477 4605 d'employer leurs bons offices auprès des Gouvernements établis
8090 4588 9482 4649 sur le littoral oriental de l'Afrique, afin d'obtenir leur agrément
8089 4636 9479 4694 à tout ou partie du régime de la liberté commerciale, et que,
8092 4679 9482 4738 dans de telles conditions, on ne saurait supposer qu'Elles voulussent
8096 4723 9483 4787 compromettre, dès l'origine, l'efficacité de leurs efforts, en indis-
8096 4767 9488 4834 posant les souverains Africains dont il s'agit, par la méconnaissance
8096 4823 9016 4876 de certains droits dont ils se réclameraient.
8186 4859 9484 4919 Sir Edward Malet s'associe aux vues ainsi exprimées, il a,
8096 4905 9490 4967 de son côté, reçu, tout récemment, des indications concordant
8093 4950 9488 5012 avec celles qui sont parvenues au Baron de Courcel. Si elles
8100 4994 9490 5058 avaient été en sa possession l'orsqu'a été arrêtée la rédaction de
8097 5039 9493 5102 l'Acte afférant à la liberté commerciale, il aurait établi à ce mo-
8099 5082 9496 5147 ment les réserves au sujet desquelles l'Ambassadeur de France
8099 5142 8913 5194 vient d'entretenir la Haute Assemblée.
8193 5171 9490 5236 Le Président dit que, si le Sultan de Zanzibar possède des
8102 5218 9487 5281 droits de souveraineté sur des territoires situés dans le bassin
8101 5259 9490 5334 du Congo, et compris, dès lors, dans la région visée au paragraphe 2
8102 5309 9487 5376 de l'Article I de la Déclara ion concernant la liberté de commerce,
8102 5354 9497 5423 il paraît évident que les réserves admises par la Conférence rela-
8102 5398 9490 5466 tivement à la zone orientale doivent être étendues à ces possessions.
8105 5446 9510 5512 Mais M. Busch demande ce qu'il en faut conclure dans l'hypo-
8105 5489 9515 5555 thèse où l'on découvrirais d'autres souver netés établies dans le
8105 5553 8764 5601 bassin géographique du Congo.
8194 5580 9501 5643 Le Baron de Courcel croit que la Haute Assemblée n'a pas
8105 5626 9510 5691 à s'occuper d'autres souverainetés au sujet desquelles elle ne
8106 5671 9503 5746 possède aucune notion précise. Il ne faut pas perdre de vue,
8106 5715 9512 5779 toutefois, certaines observations qui ont été présentées par le
8105 5760 9509 5831 premier Plénipotentaire des Etats-Unis devant la Commission et.
8110 5804 9506 5876 qui ont été mentionnées dans le Rapport du Baron Lambermont:
8111 5851 9504 5915 la nécessité a été indiquée de ménager, dans la mesure possible,
8111 5898 9505 5961 les droits acquis et les intérêts légitimes des chefs indigenes. On
8112 5941 9509 6007 doit prévoir les diticultés qui pourront s'élever entre ces derniers
8113 5987 9513 6050 et les commerçants portés à admettre que l'application du régime
8116 6037 9513 6097 de la liberté commerciale ne devra subir aucun tempérament par-
8112 6078 9515 6142 tout où elle aura été proclamée par la Conférence, et même dans
8114 6119 9518 6190 les portions de territoire où s'exerce actuellement l'autorité de
8118 6165 9512 6234 chefs indigènes qui ne subissent l'influence d'aucune des Puis-
8115 6211 9520 6278 sances contractantes. C'est là uns illusion contre laquelle il im-
8118 6258 9515 6325 porte de prémunir les intéressés. Dans la pratique, il sera im-
8118 6303 9518 6371 possible, au moins tout d'abord, d'empêcher certaines dérogations
8115 6349 9527 6414 locales et de détail au régime général que la Conférence s'est
8121 6409 8690 6460 donné pour tâche d'établir.
8215 6435 9526 6502 M. Busch reconnaît l'exactitude de ces réflexions, mais il
8124 6488 9527 6549 tient à ce qu'il soit bien établi que de telles dérogations ne sau-
8123 6528 9519 6594 raient être admises sur aucun des points qui seraient placés sous
8125 6579 9519 6639 la souveraineté ou le protectorat de l'une des Puissances contrac-
8124 6643 8269 6684 tantes.
8217 6661 9530 6728 Le Baron de Courcel est d'accord sur ce point avec le Plé-
8129 6729 8682 6777 nipotentiaire d'Allemagne.
8219 6755 9533 6819 Le Marquis de Penafiel adhère aux observations présen-
8131 6801 9537 6868 tées par l'Ambassadeur de France relativement au respect que
908 1932 1184 1974 a. Perſonen:
729 1976 1334 2027 Beſtand zu Anfang des Jahres
731 2029 878 2075 Zugang
726 2078 886 2120 Abgang
728 2116 1244 2167 zahlreichſte Klaſſe: Jahre
726 2170 1106 2208 erkrankte Perſonen
727 2207 1202 2260 Zahl der Erkrankungen
778 2255 1246 2303 „ „ Krankheitstage:
1160 2299 1241 2344 voll
1157 2346 1337 2385 abgeſtuft
792 2390 1252 2438 b. Mark Krankengeld:
726 2434 1337 2481 verſichert zu Anfang des
770 2486 921 2529 Jahres
728 2531 891 2577 Zugang
725 2576 889 2621 Abgang
729 2619 991 2667 bezahlt: voll
798 2666 1084 2713 „ abgeſtuft
1456 1838 1565 1882 volle
1385 1878 1636 1927 Verſicherung
1378 1930 1515 1969 männl.
1418 1974 1500 2017 709
1442 2021 1500 2058 20
1437 2066 1498 2110 50
1345 2115 1498 2152 45 — 50
1413 2160 1502 2199 129
1413 2203 1497 2245 157
1378 2295 1498 2337 5 795
1411 2346 1498 2378 —
1380 2477 1495 2519 5 294
1414 2526 1501 2567 216
1417 2571 1501 2611 419
1383 2615 1492 2656 6 287
1364 2663 1498 2701 —
1535 1928 1651 1969 weibl.
1581 1972 1658 2015 133
1574 2020 1641 2054 —
1626 2063 1659 2105 6
1516 2111 1659 2153 55 — 60
1595 2155 1657 2197 27
1603 2203 1656 2242 30
1549 2293 1658 2334 1 584
1571 2342 1649 2375 —
1579 2476 1660 2517 713
1575 2522 1649 2562 —
1600 2568 1660 2608 34
1552 2614 1657 2655 1 265
1539 2661 1649 2700 —
1769 1837 1847 1876 ab⸗
1741 1877 1887 1927 geſtufte
1688 1929 1829 1966 männl.
1708 1971 1823 2014 1 008
1764 2016 1822 2054 96
1740 2061 1822 2102 121
1674 2109 1818 2150 50 — 55
1738 2154 1823 2196 200
1740 2200 1825 2241 240
1706 2290 1817 2332 6 311
1707 2338 1826 2377 1 945
1700 2473 1825 2515 7 376
1740 2519 1826 2563 952
1742 2565 1822 2609 968
1706 2612 1823 2654 6 179
1742 2659 1824 2701 744
1844 1928 1968 1965 weibl.
1875 1970 1981 2011 1 354
1924 2016 1981 2054 73
1897 2058 1981 2101 102
1836 2109 1982 2149 40 — 45
1902 2152 1983 2192 209
1899 2198 1981 2239 234
1867 2286 1982 2330 6 615
1869 2336 1981 2376 2 772
1872 2471 1984 2514 7 618
1905 2519 1984 2561 489
1902 2565 1981 2609 597
1871 2612 1981 2654 5 434
1907 2656 1986 2698 984
2033 1846 2081 1878 zu⸗
2015 1878 2107 1924 ſam⸗
2014 1930 2094 1966 men
2014 1967 2120 2010 3 204
2036 2013 2121 2055 189
2044 2058 2122 2100 279
2010 2106 2121 2145 45 - 50
2045 2152 2121 2190 565
2047 2196 2119 2236 661
1991 2287 2120 2328 20 305
2015 2334 2120 2373 4 717
1993 2469 2122 2512 21 000
2016 2516 2124 2559 1 657
2012 2563 2127 2605 2 018
1996 2612 2123 2649 19 165
2016 2654 2124 2698 1 728
736 3090 1021 3162 Altersklaſſen:
737 3211 880 3252 15 — 20
732 3260 886 3303 20 — 30
736 3306 879 3343 30 — 40
735 3347 879 3392 40 — 50
731 3397 881 3439 50 — 60
735 3443 880 3481 60 — 70
739 3487 879 3535 70 — 80
816 3545 907 3587 über
903 3210 1022 3260 Jahre
920 3264 1017 3306 „
919 3305 1016 3347 „
919 3346 1016 3392 „
941 3400 980 3437 „
919 3442 1016 3484 „
919 3486 1016 3529 „
908 3547 1020 3586 haupt
1116 3031 1207 3077 Perſ
1086 3078 1177 3119 An⸗
1068 3121 1199 3170 fangs⸗
1059 3165 1199 3204 beſtand
1091 3208 1162 3251 76
1072 3259 1156 3299 441
1075 3304 1148 3342 591
1071 3345 1155 3389 878
1071 3392 1152 3435 798
1077 3440 1154 3480 367
1090 3484 1162 3526 53
1035 3545 1148 3584 3 204
1208 3034 1321 3074 onen:
1227 3088 1353 3139 beob⸗
1245 3141 1350 3185 achtet
1272 3210 1330 3251 84
1245 3255 1330 3298 445
1250 3300 1348 3346 577 ½
1255 3343 1350 3389 867 ½
1252 3392 1353 3437 779 ½
1252 3439 1352 3482 357 ½
1272 3482 1329 3525 48
1217 3543 1323 3582 3 159
1438 3026 1510 3071 wir
1407 3073 1488 3118 Er⸗
1390 3117 1498 3159 kran⸗
1377 3162 1508 3206 kungen
1421 3210 1477 3249 22
1422 3254 1482 3295 74
1418 3301 1483 3340 97
1400 3343 1483 3387 158
1400 3389 1482 3433 189
1419 3438 1482 3478 94
1419 3481 1481 3527 27
1390 3542 1479 3581 661
1514 3027 1594 3072 klich
1545 3115 1648 3165 Tage
1568 3210 1652 3248 463
1533 3254 1653 3295 1 820
1535 3302 1651 3339 2 505
1541 3342 1653 3386 6 823
1532 3390 1653 3432 8 032
1533 3437 1655 3477 4 016
1540 3482 1650 3522 1 363
1520 3538 1653 3582 25 022
1707 3021 1871 3070 Erkran⸗
1706 3071 1852 3114 kungen
1810 3117 1999 3156 erwartet
1699 3161 2121 3202 auf je 1000 Perſonen
1748 3207 1863 3248 255,5
1740 3251 1860 3293 237,0
1747 3299 1854 3337 230,1
1743 3341 1869 3386 248,9
1749 3388 1858 3431 279,7
1747 3435 1861 3478 330,4
1747 3483 1860 3525 448,1
1749 3535 1867 3580 263,8
1897 3020 2123 3065 Krankheits⸗
1955 3071 2046 3111 tage
1942 3206 2062 3245 6 300
1942 3250 2060 3290 6 636
1944 3295 2061 3337 7 394
1946 3343 2053 3381 8 967
1926 3386 2061 3429 11 495
1920 3434 2060 3474 21 468
1922 3480 2064 3522 43 642
1923 3539 2069 3577 11 092.
