10760 7560
860 817 1852 896 Kartoffelmehl pr. 100 kg brutto incl. Sack. Ter⸗
810 872 1850 937 mine feſter. Gekünd. — Sack. Kündigungspreis
809 924 1853 985 — ℳ Loco 17,40 ℳ, per dieſen Monat und per
811 967 1854 1031 Juli⸗Auguſt 17,30 ℳ, per Auguſt⸗September —,— ℳ,
811 1022 1410 1077 per Septbr.⸗Oktober 17,60 ℳ
864 1053 1855 1116 Trockene Kartoffelſtärke pr. 100 kg brutto inkl.
813 1102 1855 1164 Sack. Termine feſter. Gek. — Sack. Kündigungs⸗
813 1148 1859 1216 preis — ℳ Loco 17,30 ℳ, per dieſen Monat
814 1192 1858 1256 und per Juli⸗Aug. 17,20 ℳ, per Auguſt⸗Sept.
815 1244 1665 1307 —,— ℳ, per Septemb.⸗Oktober 17,50 ℳ
866 1282 1864 1351 Oelſaaten pr. 1000 kg. Gek. —. Winterraps —
819 1333 1864 1395 Sommerraps — ℳ, Winterrübſen — ℳ, Sommer⸗
817 1399 1082 1441 rübſen — ℳ
870 1421 1863 1486 Rüböl per 100 kg mit Faß. Termine weichend.
822 1470 1865 1532 Gekündigt — Ctr. Kündigungspreis — ℳ. Loco
822 1514 1865 1582 mit Faß — ℳ Loco ohne Faß —, per dieſen Monat
822 1563 1866 1627 —, per Juli⸗Auguſt —, per Auguſt⸗Sept. —, per
824 1604 1866 1673 September⸗Oktbr. 44,6 — 44,5 bez., per Okt.⸗Novemb.
824 1652 1823 1717 45 — 44,9 bez., per November⸗Dez. 45,3 — 45,2 bez.
874 1700 1838 1762 Leinöl per 100 kg — loco — ℳ, Lieferung —.
877 1745 1870 1812 Petroleum. (Raffinirtes Standard white) per
828 1788 1871 1856 100 kg mit Faß in Poſten von 100 Ctr. — Ter⸗
828 1835 1872 1901 mine ſtill. Gekündigt — kg. Kündigungspreis
828 1884 1874 1945 — ℳ Loco —, per dieſen Monat —, per
831 1928 1874 1994 Juli⸗Auguſt —, per Auguſt⸗September —, per
833 1972 1876 2039 September⸗Oktober 21,8 ℳ, per Oktober⸗November
835 2025 1631 2083 22 ℳ, per November⸗Dezember 22,2 ℳ
882 2064 1878 2130 Spiritus per 100 1 à 100 % = 10 000 1 %.
834 2110 1876 2175 Termine matter. Gekündigt 20 000 1. Kün⸗
838 2156 1879 2222 digungspreis 64,0 ℳ Loco mit Faß —, per dieſen
835 2205 1879 2265 Monat u. per Juli⸗Auguſt 64,3 — 64,0 bez., per
835 2250 1879 2315 Auguſt⸗September 65 — 64,3 — 64,7 — 64,4 bez., per
836 2296 1880 2358 September⸗Oktober 66 — 65,4 — 65,8 — 65,5 bez., per
837 2343 1800 2402 Oktober⸗November —, per November⸗Dezbr. —.
887 2385 1884 2450 Spiritus per 100 1 à 100 % = 10 000 % loco
843 2443 1344 2497 ohne Faß 64,4 — 64,2 bez.
888 2477 1884 2539 Weizenmehl Nr. 00 25,50 — 23,50, Nr. 0 23,50
841 2523 1883 2588 bis 21,00 bez. Feine Marken über Notiz bezahlt.
890 2570 1882 2635 Roggenmehl Nr. 0 u. 1 17,25 — 16,50, do. fein.
841 2615 1884 2678 Marken Nr. 0 u. 1 18,50 — 17,25 bez., Nr. 0 1,75 ℳ
845 2660 1888 2729 höher als Nr. 0 u. 1 pr. 100 kg Br. inkl. Sack.
893 2719 1887 2778 Berlin, 19. Juli. Marktpreiſe nach Ermitte⸗
848 2769 1704 2831 lungen des Königlichen Polizei⸗Präſidiums.
920 4599 1926 4665 Königsberg, 19. Juli. (W. T. B.) Ge⸗
879 4649 1923 4706 treidemarkt. Weizen ruhig, Roggen loco unver⸗
879 4692 1924 4756 ändert, 120 pfd. 2000 Pfd. Zollgew. 105,00. Gerſte
881 4739 1924 4802 ſtill. Hafer behauptet, pr. 2000 Pfd. Zollgew.
885 4783 1925 4843 92 — 100. Weiße Erbſen pr. 2000 Pfd. Zollgew.
880 4831 1924 4894 104,50. Spiritus pr. 100 1 100 % loco 63,75, per
884 4882 1601 4942 Auguſt 64,50, pr. September 65,50.
929 4922 1926 4986 Danzig, 19. Juli. (W. T. B.) Getreide⸗
884 4969 1926 5032 markt. Weizen loco flau, Umſatz 50 Tonnen.
887 5012 1929 5075 Bunt u. hellfarbig 176,00, hellbunt —,—, hochbunt
888 5060 1927 5125 u. glaſig —,—, pr. Juli⸗Auguſt pr. 126 pfd.
890 5103 1929 5167 Tranſit 145,50, pr. September⸗Oktober pr. 126 pfd.
891 5152 1930 5213 Tranſit 140,50. Roggen loco flau, inländ. pr.
893 5195 1933 5260 120 pfd. 108 — 109, do. poln. oder ruſſiſcher Tranſit
892 5241 1934 5307 —,—, pr. September⸗Oktober pr. 120 pfd. Tranſit
895 5289 1934 5353 87,00. Kleine Gerſte loco — Große Gerſte loco
896 5334 1935 5401 —. Hafer loco 98 — 103. Erbſen loco —. Spiritus
896 5386 1596 5442 pr. 10 000 Liter⸗Prozent loco 66,00.
943 5429 1936 5484 Stettin, 19. Juli. (W. T. B.) Getreide⸗
899 5471 1938 5530 markt. Weizen ſtill, loco 172,00 — 182,00,
899 5516 1940 5581 pr. Juli⸗Aug. 171,50, pr. September⸗Oktober
902 5566 1939 5625 163,00. Roggen ſtill, loco 117 — 120, pr.
901 5610 1940 5672 Juli⸗Aug. 118,50, pr. September⸗Oktober 120,00.
902 5651 1941 5714 Rüböl ruhig, pr. Juli 47,50, pr. September⸗
903 5705 1947 5760 Oktober 46,50. Spiritus ſtill, loco —,—,
903 5747 1944 5817 pr. Juli⸗Aug. 64,60, pr. Auguſt⸗September 64,80,
903 5793 1944 5860 pr. September⸗Oktober 65,30. Petroleum loco
903 5857 1020 5902 10,35.
953 5885 1948 5948 Poſen, 19. Juli. (W. T. B.) Spiritus
905 5929 1949 5992 loco ohne Faß 65,00, pr. Juli 65,20, per Auguſt
905 5976 1952 6042 65,20, pr. September 65,40, pr. Oktober —.
907 6032 1429 6084 Gekündigt — 1. Matter.
953 6067 1952 6126 Breslau, 20. Juli. (W. T. B.) Getreide⸗
909 6111 1953 6177 markt. Spiritus pr. 100 1 100 % pr. Juli⸗
910 6157 1957 6223 Auguſt 64,50, do. pr. Auguſt⸗September 64,50, do.
912 6205 1957 6269 pr. September⸗Oktober 65,50. Weizen —. Roggen
915 6248 1959 6312 pr. Juli⸗Auguſt 119,00, do. pr. September⸗Oktober
916 6293 1960 6358 120,50, do. pr. Oktober⸗November 122,00. Rüböl
918 6337 1962 6403 loco pr. Juli 49,00, do. pr. September⸗Oktober
920 6401 1276 6449 48,00. Zink: feſt.
970 6429 1964 6495 Magdeburg, 19. Juli. (W. T. B.) Zucker⸗
924 6477 1964 6539 bericht. Kornzucker, exkl., von 96 % 22,40, Korn⸗
925 6519 1967 6587 zucker, exkl., 88° Rendem. 21,70, Nachprodukte, exkl.
927 6569 1968 6627 75° Rendem. 18,50. Ruhig. Gem. Raffinade mit
929 6613 1968 6678 Faß 27,00, gem. Melis I. mit Faß 26,25. Ruhig.
928 6663 1969 6721 Rohzucker I. Produkt Tranſito f. a. B. Hamburg
930 6706 1970 6768 pr. Juli 13,00 bez., 13,02 ½ Br., pr. Auguſt 13,05
931 6752 1971 6813 bez., pr. September 12,72 ½ bez., pr. Oktober⸗
931 6809 1282 6857 Dezember 12 Br.
981 6846 1971 6901 Köln, 19. Juli. (W. T. B.) Getreide⸗
933 6890 1976 6945 markt. Weizen loco hieſiger 19,50, fremder 19,50.
934 6936 1975 6998 pr. Juli 17,75, pr. Novbr. 16,60. Roggen loco
934 6980 1979 7044 hieſiger 14,50, pr. Juli 12,15, pr. November 12,50,
1907 796 2958 865 Hafer loco 11,75. Rüböl loco 25,50, pr. Oktober
1903 867 2025 910 24,80.
1953 890 2956 951 Bremen, 19. Juli. (W. T. B.) Petroleum
1906 939 2958 1004 (Schlußbericht). Still. Standard white loco
1907 1004 2087 1048 5,95 Br.
1956 1026 2957 1094 Hamburg, 19. Juli. (W. T. B.) Getreide⸗
1910 1073 2960 1138 markt. Weizen loco flau, holſtein. loco 180,00
1912 1117 2960 1184 — 182. Roggen loco flau, mecklenburgiſcher
1911 1166 2961 1229 loco 130 — 132, ruſſ. loco flau, 95,00 — 100,00.
1917 1212 2961 1276 Hafer ſtill. Gerſte ſtill. Rüböl ſtill. loco 45. Spiritus
1913 1258 2961 1323 matter, pr. Juli 24 Br., pr. Auguſt⸗Septbr. 24
1915 1304 2961 1368 Br., pr. September⸗Oktober 24 ¾ Br., pr. Novem⸗
1918 1349 2962 1410 ber⸗Dezember 25 ¼ Br. Kaffee ſich beſſernd, Umſatz
1916 1396 2963 1456 4500 Sack. Petroleum ſtill, Standard whtte loco
1913 1442 2965 1507 6,00 Br., 5,95 Gd., pr. Auguſt⸗Dezember 6,20 Gd.
1967 1487 2966 1551 Hamburg, 19. Juli. (W. T. B.) Kaffee
1917 1532 2965 1600 (Schlußbericht) good average Santos pr. März 93 ¾,
1918 1591 2443 1643 do. pr. Mai 94. Käufer.
1970 1625 2968 1690 Hamburg, 20. Juli. (W. T. B.) Kaffee
1924 1670 2968 1735 (Anfangsbericht) good average Santos pr. März 96 ¼,
1922 1729 2408 1782 do. pr. Mai 96 ½. Feſt.
1970 1763 2969 1825 Wien, 19. Juli. (W. T. B.) Getreide⸗
1927 1810 2971 1873 markt. Weizen pr. Herbſt 7 62 Gd., 7,67 Br., pr.
1931 1858 2972 1919 Frühjahr 1888 8,10 Gd., 8,15 Br. Roggen pr.
1932 1901 2974 1965 Herbſt 6,10 Gd., 6,15 Br., pr. Frühjahr 1888 6,30
1929 1947 2974 2012 Gd., 6,35 Br. Mais pr. Sept.⸗Oktober 5,95 Gd.,
1929 1993 2977 2057 6,00 Br. pr. Mai⸗Juni 1888 5,90 Gd., 5,95 Br.
1929 2036 2976 2103 Hafer pr. Herbſt 5.85 Gd., 5,90 Br., pr. Frühjahr
1931 2096 2435 2147 1888 6,24 Gd, 6,29 Br.
1980 2129 2977 2196 Peſt, 19. Juli. (W. T. B.) Produkten⸗
1932 2175 2979 2240 markt. Weizen loco matt, pr. Herbſt 7,22
1933 2220 2980 2287 Gd., 7,24 Br., pr. Frühjahr 1888 7,76 Gd., 7,78
1932 2265 2980 2329 Br. Hafer pr. Herbſt 5,46 Gd., 5,47 Br, pr. Früh⸗
1932 2312 2982 2380 jahr 1888 5,82 Gd., 5,84 Br. Mais pr. Juli⸗Auguſt
1934 2360 2983 2425 5,60 Gd., 5,62 Br., pr. Mai⸗Juni 1888 5,52 Gd.,
1932 2406 2989 2470 5,54 Br. Kohlraps pr. Auguſt⸗September 11 ¾ Gd.,
1936 2471 2099 2518 11 ⅞ Br.
1984 2498 2985 2557 Amſterdam, 19. Juli. (W. T. B.) Banca⸗
1935 2562 2122 2609 zinn 62 ½.
1987 2592 2988 2648 Amſterdam, 19. Juli. (W. T. B.) Ge⸗
1937 2636 2991 2694 treidemarkt. Weizen pr. Juli —, pr. November
1941 2688 2843 2743 203. Roggen pr. Oktober 115 à 116 à 115.
1990 2729 2993 2789 Antwerpen, 19. Juli. (W. T. B.) Petro⸗
1942 2778 2994 2834 leummarkt. (Schlußbericht). Raffinirtes, Type
1946 2824 2995 2882 weiß, loco 14 ⅞ bez., 15 Br., pr. Juli 14 ⅞ Br.,
1948 2870 2995 2930 pr. Auguſt 15 ⅛ Br., pr. September⸗Dezember
1951 2928 2292 2974 15 ⅝ Br. Ruhig.
1994 2962 2995 3016 Antwerpen, 19. Juli. (W. T. B.) Ge⸗
1947 3008 2997 3064 treidemarkt. (Schlußbericht.) Weizen unverändert.
1951 3058 2746 3112 Roggen flau. Hafer feſt. Gerſte flau.
1999 3101 2998 3153 London, 19. Juli. (W. T. B.) 96 % Java⸗
1953 3147 3001 3206 zucker 13 ¾ ſtetig, Rüben⸗Rohzucker 13 à 12 ⅞ matt.
1953 3196 2878 3248 — An der Küſte angeboten 7 Weizenladungen.
2001 3236 3005 3295 Liverpool, 19. Juli. (W. T. B.) Baum⸗
1954 3286 3003 3340 wolle. (Schlußbericht). Umſatz 10 000 B., davon
1955 3330 3003 3389 für Spekulation und Export 1000 B. Stetig.
1957 3374 3004 3430 Middl. amerik. Lieferung: Juli⸗Auguſt 5 19⁄32 Werth,
1956 3421 3006 3480 Auguſt⸗September 5 19⁄32 Verkäuferpreis, September
1957 3468 3006 3525 5 19/32 do., September⸗Oktober 5 25/64 Käuferpreis,
1959 3515 3006 3569 Oktober⸗November 5 17⁄64 Verkäuferpreis, November⸗
1959 3560 3009 3618 Dezember 5 7⁄32 Werth, Dezember⸗Januar 5 13⁄64
1959 3608 3009 3665 Käuferpreis, Januar⸗Februar 5 13⁄64 do., Februar⸗
1962 3667 2319 3711 März 5 7⁄32 d. do.
2010 3700 3011 3755 Liverpool, 19. Juli. (W. T. B.) Getreide⸗
1967 3747 3013 3800 markt. Weizen und Mehl 1 d. niedriger, Mais un⸗
1967 3807 2155 3848 verändert.
2018 3836 3016 3897 Glasgow, 19. Juli. (W. T. B.) Roheiſen.
1971 3884 3018 3943 (Schluß.) Mixed numbers warrants 41 ſh. 10 d. bis
1968 3940 2194 3987 42 ſh. 1 d.
2017 3978 3019 4033 Mancheſter, 19. Juli. (W. T. B.) 12 r
1971 4025 3018 4077 Water Taylor 6 ¼, 30 r Water Taylor 9 ¼, 20 r
1970 4071 3018 4125 Water Leigh 7 ⅝, 30 r Water Clayton 8 ½, 32 r
1970 4115 3018 4170 Mock Brooke 8 ⅜, 40 r Mule Mayoll 8 ¼, 40 r Medio
1971 4163 3018 4219 Wilkinſon 9 ¼, 32 r Warpcops Lees 7 ⅞, 36 r Warp⸗
1972 4209 3018 4267 cops Rowland 8 ¼, 40 r Double Weſton 9 ⅛, 60 r
1972 4254 3017 4310 Double courante Qualität 12 ¼, 32“ 116 yds 16 x 16
1973 4304 2775 4363 grey Printers aus 32 r/46 r 168. Stetig.
2017 4342 3018 4407 Hull, 19. Juli. (W. T. B.) Getreide⸗
1973 4402 2460 4453 markt. Weizen ruhig
2020 4437 3021 4499 Paris, 19. Juli. (W. T. B.) Rohzucker
1976 4484 3021 4545 88° feſt, loco 30,50. Weißer Zucker feſt,
1975 4531 3022 4587 Nr. 3 pr. 100 kg pr. Juli 33,25, pr. Auguſt 33,30,
1975 4577 3022 4638 pr. Oktober⸗Januar 33,75, pr. Januar⸗April 34,50.
2019 4621 3023 4684 Paris, 19. Juli. (W. T. B.) Getreide⸗
1976 4672 3023 4727 markt. Weizen ruhig, pr. Juli 24,00, pr.
1976 4715 3024 4777 pr. Auguſt 23,50, pr. September⸗Dezember 22,80,
1977 4757 3025 4821 pr. November⸗Februar 22,80. Mehl 12 Marques
1977 4805 3025 4867 behauptet, pr. Juli 53,10, pr. Auguſt 53,10, pr. Sep⸗
1977 4854 3028 4911 tember⸗Dezember 50,60, pr. November⸗Februar 50,75.
1980 4900 3027 4956 Rüböl ruhig, pr. Juli 56,00, pr. Auguſt 56,25,
1979 4944 3028 5008 pr. September⸗Dezember 57,25, pr. Januar⸗April
1976 4990 3028 5052 —,—. Spiritus feſt, pr. Juli 44,00, pr. Auguſt
1981 5038 3030 5097 43,00, pr. September⸗Dezember 41,00, pr. Januar⸗
1980 5097 2223 5146 April 40,75.
2028 5125 3033 5186 St. Petersburg, 19. Juli. (W. T. B.)
1983 5173 3034 5237 Produktenmarkt. Talg loco 44,50, pr. Auguſt
1983 5219 3034 5282 43,00. Weizen loco 12,25. Roggen loco 6,50.
1983 5267 3036 5331 Hafer loco 3,80. Hanf loco 45,00. Leinſaat loco
1983 5331 2101 5375 14,50.
2033 5361 3037 5418 New⸗York, 20. Juli. (W. T. B.) Waaren⸗
1989 5403 3036 5461 bericht. Baumwolle in New⸗York 10 5⁄16, do. in
1990 5448 3037 5507 New⸗Orleans 9 ¾. Naff. Petroleum 70 % Abel
1989 5494 3040 5556 Teſt in New⸗York 6 ½ Gd., do. in Philadelphia
1991 5540 3041 5604 6 ½ Gd. Rohes Petroleum in New⸗York — D. 5 ⅞ C.,
1992 5586 3040 5649 do. Pipe line Certificates — D. 60 C. Mehl 3 D.
1992 5636 3042 5692 50 C. Rother Winterweizen loco 83, pr.
1993 5676 3048 5742 Juli — D. 82 C., pr. Auguſt — D. 82 ½ C.,
1994 5725 3045 5786 pr. Septbr. — D. 83 ½ C., Mais (New) 46.
1996 5770 3045 5836 Zucker (Fair refining Muscovados) 4 ½. Kaffee
1996 5816 3046 5883 (Fair Rio⸗) 20 ¼, do. Rio Nr. 7 low ordinary
1996 5861 3047 5927 pr. Aug. 18,80, do. do. pr. Oktbr. 19,25. Schmalz
1999 5908 3049 5971 (Wilcox) 7,20, do. Fairbanks 7,25, do. Rohe und
1999 5953 3050 6014 Brothers 7,25. Speck nominell. Getreidefracht 3.
2046 6043 3052 6106 Berlin. Central⸗Markthalle. 19. Juli.
2004 6090 3052 6151 Bericht des ſtädtiſchen Verkaufsvermittlers J. Sand⸗
2005 6136 3055 6197 mann auf Grund amtlicher Notirungen. — Butter.
2006 6178 3055 6246 (Reine Naturbutter.) I. Feinſte, haltbare Süß⸗
2008 6228 3057 6287 rahm⸗Tafelbutter (bekannte Marken) 95 — 100, II. friſche
2009 6271 3056 6334 reinſchmeckende Tafelbutter 88 — 95, III. feine Tiſch⸗
2013 6317 3058 6376 butter 78 — 88 ℳ, IV. fehlerhafte Tiſchbutter 68
2014 6364 3058 6423 bis 78 ℳ, V. Koch⸗ u. Backbutter 50 — 70 ℳ pr. Ctr.
2013 6411 3060 6472 Auktion täglich 10 Uhr Vormittags. — Eier 2,00 —
2015 6457 3064 6517 2,15 ℳ netto ohne Abzug pr. Schock. Auktion
2016 6502 3063 6563 täglich 10 Uhr Vorm. — Käſe. Import. Emmenthaler
2017 6545 3065 6612 82, Inländiſcher Schweizer 45 — 58 — 65 ℳ, □ Back⸗
2015 6592 3065 6656 ſtein 10 — 14 — 18, Limburger 14 — 28 — 32 ℳ, Rhei⸗
2018 6640 3069 6700 niſcher Holländer Käſe 40 — 50 — 60 ℳ pr Ctr., Edamer
2018 6686 3070 6746 60 — 65, Harzer 2,20 — 2,40 ℳ pr. Kiſte. Dtſch. Camem⸗
2018 6736 3073 6788 bert — ℳ pr. Dtzd., Neufchateler — ℳ per
2020 6774 3073 6836 100 Stück. Auktion täglich 11 Uhr. Wild, Reh⸗
2021 6820 3076 6880 böcke 65 — 70 — 80, Damhirſch 40 — 60 ₰, Rothhirſch
2021 6867 3078 6926 30 — 55 ₰, Schwarzwild 25 — 45 ₰ pr. Pfd.
2023 6910 3081 6975 Kaninchen 50 — 65 ₰ pr. Stück. Wilde Enten
2025 6957 3083 7023 0,80 — 1,20 ℳ per Stück. Wildauktion täglich
3006 765 4055 835 um 6 Uhr Nachmittags. — Fleiſch. Rindfleiſch
3008 815 4053 874 35 — 45 — 50, Kalbfleiſch im Fell 39 — 49, Hammel
3006 860 4055 924 41 — 49, Schweinefleiſch 41 ₰ pr. Pfd.
3007 905 4056 968 — Geflügel, fett, geſchlachtet, junge, fette
3008 951 4056 1013 Gänſe 60 — 80 ₰ pr. Pfd. Fette Enten 60 bis
3009 998 4057 1062 80 ₰. Tauben 30 — 45 ₰, Poularden 3 — 6 ℳ
3009 1043 4058 1111 Hühner 0,40 — 0,80 — 2,00 ℳ pr. Stück. Geflügel,
3011 1089 4058 1154 lebend. Junge Gänſe I a 4 — 6 ℳ, II a 2,50 — 3,00,
3011 1135 4059 1198 Enten 0,80 — 1 — 1,20 ℳ, junge Hühner 30 — 60 ₰, alte
3011 1180 4059 1247 Hühner 0,80 — 1,10 ℳ, Tauben 30 — 40 ₰ pr. Stück,
3012 1227 4059 1290 Auction täglich um 6 Uhr Nachmittags. — Obſt und
3013 1274 4059 1334 Gemüſe. Neue weiße Speiſekartoffeln 12 — 15 ℳ,
3011 1319 4063 1382 alte Kartoffeln 3,00 — 3,50 ℳ Zwiebeln 10 ℳ
3013 1362 4061 1429 pr. 100 Ko., Blumenkohl 12 — 18 ℳ pr. 100 Kopf.
3015 1409 4063 1472 Gurken 20 — 40 ℳ pr. 100 Stck. Einlege⸗Gurken
3016 1456 4063 1516 6 — 7 ℳ pr. 100 Stck. Süße Kirſchen 10 — 18,
3017 1503 4063 1562 Saure Kirſchen 15 — 20 ℳ, Blaubeeren 10 ℳ,
3018 1548 4065 1612 Stachelbeeren 8 — 9 ℳ pr. Ctr. Aprikoſen 16 —
3021 1597 4069 1655 17 ℳ pr. Ctr. Birnen 16 — 18 ℳ pr. Ctr. —
3019 1638 4065 1704 Pfirſiche 2 — 3 ℳ pr. Kilogr., Himbeeren 20 — 25,
3019 1684 4065 1749 Johannisbeeren 10, Reineclauden 20 — 25 ℳ pr. Ctr.
3022 1730 4067 1797 Fiſche in Eispackung. Hechte 40 — 55, Bleie 0,20,
3022 1774 4068 1843 Zander 0,70 — 0,90 — 1,00, Steinbutte 0,50 — 0,90,
3023 1821 4069 1886 Seezunge 0,90 — 1,00, Scholle 16 — 30, Schellfiſch
3027 1864 4070 1931 10 — 20, Kabliau —, Dorſch —, Oſtſeelachs
3024 1917 4073 1980 0,90, Aal 0,70 — 1,00, Schleie 25 — 35 ℳ
3025 1958 4072 2025 pr. Ctr. — Krebſe 10 — 12 cm 1,25 — 2,00 ℳ, mittel
3027 2008 4073 2066 3 — 5 ℳ, große 6 — 12 ℳ pr. Schock. Hummern
3027 2052 4072 2113 130 — 150 ℳ pr. Ctr. Krabben — ₰. — Ge⸗
3028 2097 4076 2163 räucherte und marinirte Fiſche. Bücklinge 2 — 2,50 ℳ
3029 2142 4076 2212 pr. Wall in Kiſten von 50 Stück, Rauchaal
3029 2190 4076 2255 0,70 — 0,90 — 1,10 — 1,25 ℳ pr. Pfund. Oſtſee⸗
3032 2234 4076 2301 Räucherlachs —. Flundern 1,50 — 4,00 ℳ pr. Schock
3083 2317 4080 2382 Berlin, 17. Juli. (Wollbericht des „Centralbl.
3034 2366 4081 2429 f. d. Textil⸗Ind.“) Das Geſchäft in den letzten
3037 2411 4084 2475 acht Tagen trat aus den engen Grenzen, die es bis⸗
3039 2456 4083 2519 her bewahrt hatte, nicht heraus. Mehrere größere
3038 2502 4085 2569 Lauſitzer Fabrikanten kauften ca. 800 — 1000 Ctr.
3039 2546 4083 2615 ungewaſchene Wollen zu bisherigen Preiſen und auch
3040 2594 4086 2660 in Rückenwäſchen find kleinere Poſten zu Wollmarkts⸗
3041 2640 4087 2709 preiſen umgegangen. Ueber die Verwendung eines
3042 2685 4088 2754 ziemlich bedeutenden Quantums feinerer pommerſcher
3044 2736 4088 2798 Wolle, welches dem hieſigen Lager entnommen
3043 2776 4089 2844 wurde, ſowie über Preis iſt Zuverläſſiges nicht be⸗
3045 2844 3356 2892 kannt geworden.
3305 2910 3827 2966 Eiſenbahn⸗Einnahmen.
3096 2955 4097 3015 Orel⸗Witebsk⸗Eiſenbahn. Im Mai cr.
3047 3001 4095 3062 500 288 Rbl. (+ 122 707 Rbl.), bis ult. Mai cr.
3047 3052 3737 3108 2 590 312 Rbl. (+ 744 217 Rbl.)
3098 3092 4100 3151 Transkaukaſiſche Eiſenbahn. Im Mai cr.
3048 3138 4098 3200 836 239 Rbl. (+ 149 620 Rbl.), bis ult. Mai cr.
3053 3190 3717 3247 3 216 677 Rbl. (+ 41 107 Rbl.)
3100 3229 4099 3291 Kursk⸗Kiew⸗Eiſenbahn. Im Mai cr.
3054 3275 4100 3335 409 550 Rbl. (— 49 909 Rbl.), bis ult. Mai cr.
3055 3330 3726 3384 2 109 285 Rbl. (+ 79 128 Rbl.)
3103 3368 4101 3427 Koslow⸗Woroneſch⸗Roſtow⸗Eiſenbahn.
3056 3414 4103 3479 Im Mai cr. 691 272 Rbl. (— 2782 Rbl.), bis ult.
3059 3463 3934 3524 Mai cr. 3 408 835 Rbl. (+ 828 112 Rbl.)
3316 3530 3865 3572 Generalverſammlungen.
3084 3566 4103 3628 8. Aug. Conſolidirtes Braunkohlen⸗Berg⸗
3271 3611 4107 3665 werk Marie bei Atzendorf. Ord.
3275 3663 3807 3717 Gen.⸗Verſ. zu Magdeburg.
3139 5583 3746 5647 ¹) Thau. ²) Böig. ³) Thau.
3135 5625 4145 5689 Skala für die Windſtärke: 1 = leiſer Zug,
3096 5671 4145 5734 2 = leicht, 3 = ſchwach, 4 = mäßig, 5 = friſch,
3096 5717 4145 5780 6 = ſtark, 7 = ſteif, 8 = ſtürmiſch, 9 = Sturm,
3098 5764 4149 5827 10 = ſtarker Sturm, 11 = heftiger Sturm, 12 =
3098 5830 3229 5875 Orkan.
3303 5864 3947 5912 Ueberſicht der Witterung.
3146 5899 4149 5962 Die Theildepreſſion, welche geſtern über Däne⸗
3100 5944 4150 6011 mark lag, iſt nordwärts verſchwunden, ſonſt hat ſich
3101 5990 4152 6054 die Druckvertheilung wenig verändert. Ueber Deutſch⸗
3103 6038 4154 6102 land iſt das Wetter ruhig, ziemlich kühl, an der
3104 6082 4155 6149 Küſte wolkig, im Binnenlande vorwiegend heiter.
3105 6128 4156 6192 Altkirch hatte geſtern Gewitter mit Regen. In Süd⸗
3106 6174 4159 6240 frankreich iſt wieder viel Regen gefallen, die oberen
3108 6219 4162 6284 Wolken ziehen über Deutſchland aus Südweſt bis
3105 6286 3302 6331 Nordweſt.
3617 6313 4117 6364 Deutſche Seewarte.
3207 6454 4076 6537 2) Zwangsvollſtreckungen,
3120 6522 4177 6606 Aufgebote, Vorladungen u. dgl.
3553 6620 3775 6668 Aufgebot.
3166 6657 4181 6720 Das Sparbuch der Oberlauſitzer Nebenſparkaſſe
3121 6703 4182 6765 Rothenburg Litt. H. Serie II Nr. 782 über
3125 6749 4184 6812 307,32 ℳ ausgefertigt für den Häusler Johann
3126 6796 4184 6856 Gottlieb Henſel (alias Haenſel) aus Leippa iſt an⸗
3129 6843 4188 6907 geblich verloren gegangen und ſoll auf Antrag des
3130 6889 4188 6954 Haenſel zum Zweck der neuen Ausfertigung auf⸗
3133 6950 3441 7000 geboten werden.
3117 6627 3269 6683 [20975]
4144 740 5148 808 Es wird daher der Inhaber des Sparbuchs auf⸗
4103 798 4727 856 gefordert, ſpäteſtens in dem auf
4102 836 5151 897 den 16. Februar 1888, Vormittags 10 Uhr,
4104 883 5150 942 anberaumten Aufgebotstermine ſeine Rechte bei dem
4107 929 5150 990 unterzeichneten Gericht anzumelden und das Spar⸗
4106 976 5150 1034 buch vorzulegen, widrigenfalls die Kraftloserklärung
4105 1031 4567 1081 desſelben erfolgen wird.
4151 1065 5129 1125 Rothenburg, Oberlauſitz, den 11. Juli 1887.
4384 1117 4874 1168 Königliches Amtsgericht.
4533 1166 4722 1209 Richter.
4108 1265 4260 1313 [20976]
4519 1255 4740 1303 Aufgebot.
4155 1293 5156 1351 Nr. 9484. Schreiner Chriſtian Maier von Stock⸗
4111 1341 5157 1402 burg hat das Aufgebot eines ihm abhanden gekom⸗
4112 1387 5160 1449 menen, auf ſeinen Namen lautenden Sparbüchleins
4111 1431 5160 1490 Litt. E. Folio 1099 der Spar⸗ und Waiſenkaſſe
4113 1481 5161 1539 Villingen über eine Einlage im Betrage von 1196 ℳ
4114 1525 5161 1584 55 ₰ beantragt. Der Inhaber der Urkunde wird
4114 1577 4804 1633 aufgefordert, ſpäteſtens in dem auf
4253 1620 5035 1674 Mittwoch, den 1. Februar 1888,
4412 1670 4861 1716 Vormittags 9 Uhr,
4117 1708 5163 1766 vor dem unterzeichneten Gerichte anberaumten Auf⸗
4118 1756 5165 1817 gebotstermine ſeine Rechte anzumelden und die Ur⸗
4118 1802 5166 1858 kunde vorzulegen, widrigenfalls die Kraftloserklärung
4118 1854 4650 1902 der Urkunde erfolgen wird.
4164 1898 4799 1951 Villingen, den 13. Juli 1887.
4353 1942 4936 1995 Großherzogliches Amtsgericht.
4515 1990 4772 2037 gez. Wiehl.
4168 2041 4542 2085 Dies veröffentlicht:
4424 2080 4871 2127 Die Gerichtsſchreiberei
4334 2126 4961 2178 Großh. Amtsgerichts Villingen.
4565 2177 4722 2221 Huber.
4129 2274 4277 2324 [20973]
4380 2263 4920 2315 Oeffentliches Aufgebot.
4175 2306 5175 2364 Nachdem auf Grund der Artikel 866 und 867 des
4129 2352 5176 2414 Handelsgeſetzbuches beantragt worden iſt, das Schiff
4135 2401 5177 2458 „Dora“, Heimathshafen Pahlhude, Unterſcheidungs⸗
4131 2446 5177 2503 Signal L. H. W. N., für verſchollen zu erklären,
4132 2493 5180 2547 werden hiermit alle Diejenigen, welche über den
4136 2540 5182 2591 Verbleib des Schiffes und die Art ſeiner Verun⸗
4135 2582 5180 2644 glückung Angaben zu machen im Stande ſind, auf⸗
4137 2628 5182 2689 gefordert, innerhalb 4 Wochen entweder hierher
4139 2677 5183 2732 oder der nächſten deutſchen Behörde Anzeige von
4139 2725 5022 2779 ihrer Kenntniß des Sachverhalts zu machen.
4186 2768 5185 2820 Das Schiff „Dora“ iſt zuletzt am 24. September
4142 2817 5185 2870 1886 von Holtenau nach Elbing in See gegangen.
4190 2866 4809 2915 Tönning, den 14. Juli 1887.
4385 2910 4943 2959 Königliches Preuß. Seeamt.
4145 3009 4290 3058 [20958]
4381 3002 4952 3052 Im Namen des Königs!
4370 3047 4968 3095 Verkündet am 13. Juli 1887.
4275 3091 5060 3146 gez. Wierzbowski, Gerichtsſchreiber.
4196 3135 5193 3191 Auf den Antrag des Beſitzers Johann Maternicki
4148 3181 5193 3241 zu Silbersdorf erkennt das Königliche Amtsgericht
4149 3233 5032 3286 zu Thorn durch den Amtsrichter Lippmann
4565 3280 4775 3324 für Recht:
4198 3320 5194 3374 I. Die Hypothekenurkunde über die auf dem Grund⸗
4152 3367 5198 3420 ſtücke Silbersdorf Blatt 8 Abtheilung III. sub 1 b
4154 3411 5197 3470 haftende Poſt von 77 Thlr. 17 Sgr. 5 Pf. Erb⸗
4155 3458 5198 3516 theil des Simon Weywer, verzinsbar zu fünf Pro⸗
4156 3503 5200 3563 zent, aus dem Erbrezeſſe vom 24. Oktober 1822,
4159 3556 5202 3606 30. April 1829 und 19. Auguſt 1834 ex decr. vom
4163 3596 5203 3651 30. Mai 1838 eingetragen, beſtehend aus einer Aus⸗
4162 3643 5204 3700 fertigung der gerichtlichen Verhandlungen vom 24.
4159 3688 5203 3742 Oktober 1822, c. claus. approb. vom 25. Oktober
4162 3735 5203 3787 1822, vom 30. April 1829, 17. Dezember 1829,
4164 3778 5205 3836 17. Februar 1830, c. claus. approb. vom 16. April
4165 3825 5208 3882 1830, 19. April 1834, c. claus. approb. vom 23.
4165 3870 5207 3926 September 1834, dem Hypotheken⸗Rekognitions⸗
4165 3916 5208 3975 ſcheine vom 30. Mai 1838 und der Ingroſſations⸗
4166 3961 5211 4017 note von demſelben Tage, wird für kraftlos erklärt.
4213 4007 5187 4062 II. Die Koſten fallen dem Antragſteller zur Laſt.
4322 4140 5057 4216 9) Theater⸗Anzeigen.
4239 4232 5216 4301 Krolls Theater. Donnerſtag: Aennchen
4170 4304 4464 4354 von Tharau.
4221 4341 5217 4403 Freitag: Gaſtſpiel des Herrn Heinrich Bötel.
4173 4403 4364 4446 Martha.
4222 4430 5220 4491 Anfang des Concerts 5 ½ Uhr, der Vorſtellung
4172 4493 4305 4538 7 Uhr.
4223 4523 5223 4584 Täglich: Bei günſtiger Witterung vor und nach
4176 4570 5222 4630 der Vorſtellung, Abends bei brillanter elektriſcher Be⸗
4178 4616 5223 4677 leuchtung des Sommergartens: Großes Doppel⸗
4180 4680 4341 4719 Concert.
4228 4710 5226 4765 Billets à 3 ℳ, 2 ℳ, 1 ℳ 50 ₰ und Abonne⸗
4181 4754 5228 4815 ments⸗Billets à Dtzd. 9 ℳ ſind vorher zu haben
4183 4802 5228 4859 an der Kaſſe, bei den Herren Bach, Unter den
4183 4848 5229 4906 Linden 46, Schirmer u. Möllendorf, Unter den
4184 4892 5228 4951 Linden 48, Lindenberg, Leipzigerſtr. 50 a., und im
4184 4946 4898 5000 Invalidendank, Markgrafenſtr. 51 a.
4230 5036 5235 5106 Belle-Alliance-Theater. Donnerſtag: Gaſt⸗
4187 5099 5233 5163 ſpiel der Mitglieder des Reſidenz⸗Theaters. Neu
4188 5146 5235 5208 einſtudirt: Der Kernpunkt. Schwank in 4 Akten
4189 5201 4855 5253 nach Labiche von Ad. Gerſtmann.
4237 5238 5238 5298 Im prachtvollen Sommergarten: Doppel⸗Concert.
4190 5284 5237 5344 Auftreten der kleinen Piſton⸗Virtuoſen Geſchwiſter
4191 5331 5240 5390 Rettberg, der Geſchwiſter Delina, der Wiener
4192 5376 5239 5435 Duettiſten Herren Schmutz und Rück, der Geſchwiſter
4191 5423 5243 5482 Laura, Amalie und Giſela Neumann, des Wiener
4194 5470 5240 5528 Schnab'l⸗Trios und des Schwediſchen Damen⸗
4194 5528 4554 5575 Doppel⸗Quartetts.
4242 5555 5245 5618 Abends: Brillante Illumination durch 20 000
4196 5622 4453 5666 Gasflammen.
4242 5650 5244 5711 Anfang des Concerts 6 Uhr, der Vorſtellung
4197 5711 4665 5758 7 Uhr. Entrée 50 ₰.
4246 5749 4944 5806 Freitag: Großes Monſtre⸗Concert.
4281 5884 5163 5968 10) Familien⸗Nachrichten.
4202 5971 5256 6050 Verlobt: Frl. Ch. v. Voß mit Hrn. Sec.⸗Lieut.
4254 6024 5258 6095 H. v. Wißmann (Hoffſtädt). — Frl. E. v. Seherr⸗
4257 6074 5170 6139 Thoß mit Hrn. Rittmeiſter v. Dieſt (Neiſſe).
4210 6111 5262 6185 Verehelicht: Hr. Hauptm. Oscar Feyerabend mit
4260 6161 5258 6234 Frl. Cäcilie Müller (Wiesbaden). — Hr. Kor⸗
4262 6205 5262 6277 vetten⸗Kapitän Kurt v. Prittwitz und Gaffron
4265 6252 5196 6327 mit Frl. Louiſe v. Schönberg (Ober⸗Radchen).
4220 6295 5266 6373 Geboren: Ein Sohn: Hrn. Ober⸗Reallehrer
4268 6341 5265 6415 Goppelt (Oehringen). — Eine Tochter: Hrn.
4269 6388 5267 6463 Prem.⸗Lieut. Goës (Koblenz). — Hrn. Reg.⸗
4271 6438 5268 6507 Aſſeſſor Günther v. Blankenburg (Liegnitz). —
4272 6479 5270 6555 Hrn. Landrath Frhrn. Wilhelm Riedeſel (Geln⸗
4273 6521 5276 6601 hauſen). — Hrn. Oberförſter Ziesmer (Grenzheide
4276 6596 4585 6646 bei Wielowies).
4232 6614 5276 6693 Geſtorben: Hr. Kammerherr Wilh. v. Tümp⸗
4279 6657 5279 6738 ling (Sorna — Naumburg). — Hr. General⸗Lieut.
4280 6700 5282 6784 z. D. Edm. Frhr. v. Hanſtein (Rothenbach —
4282 6745 5282 6828 Unterſtein bei Arenshauſen). — Hr. Major a. D.
4285 6792 5281 6878 Frhr. v. Stoſch (Lankau und Böhmwitz — Nams⸗
4285 6841 5281 6923 lau). — Hr. Sec.⸗Lieut. Alfred Kießling (Nord⸗
4287 6922 4438 6970 hauſen).
6367 740 9116 965 Deutſcher Reichs⸗Anzeiger
7669 1086 7798 1159 und
5696 1252 9775 1531 Königlich Preußiſcher Staats⸗Anzeiger.
5969 1636 7111 1696 Das Abonnement beträgt vierteljährlich 4 ℳ 50 ₰.
6092 1694 6990 1744 Alle Poſt-Anſtalten nehmen Beſtellung an;
5933 1740 7138 1798 für Berlin außer den Poſt-Anſtalten auch die Expedition
6199 1793 6877 1845 SW., Wilhelmſtraße Nr. 32.
6064 1848 7014 1901 Einzelne Nummern koſten 25 ₰.
8374 1622 9474 1671 Inſertionspreis für den Raum einer Druckzeile 30 ₰.
8342 1673 9512 1726 Inſerate nimmt an: die Königliche Expedition
8600 1728 9259 1771 des Deutſchen Reichs-Anzeigers
8470 1778 9396 1825 und Königlich Preußiſchen Staats-Anzeigers
8512 1830 9357 1878 Berlin SW., Wilhelmſtraße Nr. 32.
5543 1995 5980 2087 No. 168.
7056 1978 8435 2080 Berlin, Donnerſtag, den 21. Juli, Abends.
9614 1966 9915 2042 1887.
5659 2186 6961 2247 Se. Majeſtät der Kaiſer und König haben Aller⸗
5547 2250 5912 2304 gnädigſt geruht:
5660 2301 6962 2361 den nachbenannten Perſonen die Erlaubniß zur Anlegung
5552 2354 6959 2416 der ihnen verliehenen Ordens⸗Inſignien zu ertheilen, und zwar:
5578 2427 6938 2488 des Ritterkreuzes erſter Abtheilung des Groß⸗
5548 2480 6964 2545 herzoglich ſächſiſchen Haus⸗Ordens der Wachſamkeit
5904 2535 6612 2589 oder vom weißen Falken:
5660 2594 6960 2656 dem Miniſterial⸗Rath Pavelt im Miniſterium für Elſaß⸗
5548 2659 5816 2711 Lothringen;
5551 2723 6960 2780 des Ritterkreuzes erſter Klaſſe des Großherzoglich
5690 2776 6829 2836 badiſchen Ordens vom Zähringer Löwen:
5663 2841 6605 2900 dem Poſtdirektor Möller zu Mannheim.
5959 3042 6576 3093 Deutſches Reich.
5609 3125 6917 3185 Se. Majeſtät der Kaiſer haben Allergnädigſt geruht:
5663 3188 6966 3250 die Geheimen Poſträthe und vortragenden Räthe im
5548 3239 6963 3304 Reichs⸗Poſtamt, Griesbach und Kraetke in Berlin, zu
5556 3292 6966 3354 Geheimen Ober⸗Poſträthen, und den Poſt⸗Bauinſpektor Kux
5554 3350 6512 3406 in Poſen zum Poſt⸗Baurath zu ernennen.
6053 3524 6482 3578 Erklärung
5558 3585 6964 3648 zwiſchen der Kaiſerlich deutſchen und der Königlich
5556 3636 6967 3698 portugieſiſchen Regierung, betreffend die Ab⸗
5560 3689 6966 3750 grenzung ihrer beiderſeitigen Beſitzungen und
5788 3741 6746 3801 Intereſſenſphären in Süd⸗Afrika.
5669 3814 6970 3875 Die Regierung Sr. Majeſtät des Deutſchen
5557 3868 6969 3926 Kaiſers und die Regierung Sr. Majeſtät des Königs
5556 3919 6970 3978 von Portugcl und Algarvien, von dem gleichen Wunſche
5557 3970 6971 4029 beſeelt, die zwiſchen dem Deutſchen Reich und Portugal be⸗
5561 4021 6970 4082 ſtehenden freundſchaftlichen Beziehungen enger zu knüpfen und
5560 4072 6970 4133 für die friedliche Mitwirkung beider Mächte an der Erſchließung
5563 4124 6968 4182 Afrikas im Intereſſe der Kultur und des Handels eine feſte
5559 4175 6968 4237 und geſicherte Grundlage zu gewinnen, haben beſchloſſen, ge⸗
5559 4228 6968 4288 wiſſe Grenzen in Süd⸗Afrika feſtzuſtellen, innerhalb deren
5561 4279 6968 4340 einer jeden der beiden Mächte die Freiheit ihrer Aktion behufs
5560 4331 6970 4392 ſtetiger Entwickelung der koloniſatoriſchen Thätigkeit gewahrt
5558 4390 5822 4441 werden ſoll.
5669 4435 6970 4495 Zu dieſem Zweck haben die Unterzeichneten, der Legations⸗
5562 4486 6972 4548 Rath Richard von Schmidthals, außerordentlicher Geſandter
5559 4538 6971 4595 und bevollmächtigter Miniſter Sr. Majeſtät des Deutſchen
5560 4590 6970 4651 Kaiſers, und Henrique de Barros Gomes, Staatsrath
5560 4642 6973 4700 Sr. Allergetreueſten Majeſtät und Sein Miniſter und Staats⸗
5561 4694 6973 4754 ſekretär der auswärtigen Angelegenheiten, der ihnen ertheilten
5562 4746 6943 4805 Ermächtigung gemäß, ſich über nachſtehende Artikel geeinigt:
6162 4812 6377 4859 Artikel 1.
5671 4860 6972 4915 Die Grenzlinie, welche in Südweſt⸗Afrika die deutſchen
5564 4912 6973 4972 und pertugieſiſchen Beſitzungen ſcheiden ſoll, folgt dem Laufe
5560 4966 6975 5021 des Kunenefluſſes von ſeiner Mündung bis zu den⸗
5560 5016 6972 5078 jenigen Waſſerfällen, welche ſüdlich von Humbe beim Durch⸗
5562 5068 6972 5127 bruch des Kunene durch die Serra Canna gebildet werden.
5563 5120 6972 5178 Von dieſem Punkte ab läuft die Linie auf dem Breitenparallel
5560 5172 6972 5232 bis zum Kubango, dann im Laufe dieſes Fluſſes entlang bis
5561 5223 6974 5284 zu dem Orte Andara, welcher der deutſchen Intereſſenſphäre
5561 5275 6973 5335 überlaſſen bleibt, und von da in gerader Richtung öſtlich bis
5561 5329 6674 5388 zu den Stromſchnellen von Catima am Zambeſe.
6156 5393 6369 5440 Artikel 2.
5670 5443 6974 5500 Die Grenzlinie, welche in Südoſt⸗Afrika die deutſchen Be⸗
5563 5495 6973 5555 ſitzungen von den portugieſiſchen Beſitzungen ſcheiden ſoll, folgt
5564 5547 6975 5603 dem Laufe des Fluſſes Rovuma von ſeiner Mündung bis zu
5560 5599 6974 5657 dem Punkte, wo der M'ſinjefluß in den Rovuma mündet, und
5562 5651 6974 5706 läuft von dort nach Weſten weiter auf dem Breitenparallel
5564 5705 6349 5761 bis zu dem Ufer des Nyaſſa⸗Sees.
6164 5765 6374 5811 Artikel 3.
5671 5817 6975 5873 Die Regierung Sr. Majeſtät des Deutſchen Kaiſers er⸗
5563 5869 6975 5925 kennt das Recht Sr. Majeſtät des Königs von Portugal an,
5562 5922 6975 5980 in denjenigen Gebieten, welche zwiſchen den portugieſiſchen Be⸗
5562 5974 6976 6033 ſitzungen von Angola und Mozambique liegen, unbeſchadet der
5565 6026 6976 6078 dort von anderen Mächten etwa bisher erworbenen Rechte
5565 6077 6975 6134 Seinen ſouveränen und civiliſatoriſchen Einfluß geltend zu
5563 6129 6975 6187 machen, und verpflichtet ſich in Gemäßheit dieſer Anerkennung,
5563 6181 6975 6233 dort weder Gebietserwerbungen zu machen, noch Schutzherr⸗
5564 6231 6975 6290 ſchaften anzunehmen, noch der Ausdehnung des portugieſiſchen
5566 6290 6176 6341 Einfluſſes entgegenzutreten.
5672 6336 6976 6393 Die Regierung Sr. Majeſtät des Königs von Por⸗
5565 6388 6977 6445 tugal und Algarvien übernimmt die gleiche Verpflichtung hin⸗
5566 6439 6978 6498 ſichtlich der laut Artikel 1 und 2 dieſes Uebereinkommens der
5567 6491 6548 6549 deutſchen Machtſphäre überlaſſenen Gebiete.
6168 6553 6378 6598 Artikel 4.
5673 6605 6977 6663 Die deutſchen Reichsangehörigen ſollen in den portugie⸗
5567 6657 6978 6714 ſiſchen Beſitzungen Afrikas und die portugieſiſchen Staats⸗
5567 6708 6977 6768 angehörigen ſollen in den deutſchen Beſitzungen Afrikas
5567 6759 6977 6818 mit Bezug auf den Schutz ihrer Perſonen und ihres Ver⸗
5568 6813 6978 6869 mögens, auf den Erwerb und die Uebertragung beweglichen
5568 6862 6977 6921 und unbeweglichen Eigenthums, ſowie auf die Ausübung ihres
5568 6914 6978 6973 Gewerbes ohne Unterſchied die gleiche Behandlung und die⸗
7034 2172 8437 2233 ſelben Rechte wie die Angehörigen des Staates, welcher die
7033 2225 8315 2284 Souveränetäts⸗ oder Protektoratsrechte ausübt, genießen.
7628 2283 7839 2327 Artikel 5.
7139 2328 8440 2388 Die Kaiſerlich deutſche und die Königlich portugieſiſche
7034 2382 8437 2441 Regierung behalten ſich vor, weitere auf Erleichterung des
7033 2432 8440 2494 Handels und der Schiffahrt, ſowie auf Regelung des Grenz⸗
7034 2483 8438 2542 verkehrs in den beiderſeitigen arrikaniſchen Beſitzungen bezüg⸗
7036 2540 7746 2597 liche Vereinbarungen zu treffen.
7135 2587 8440 2644 In doppelter Ausfertigung vollzogen zu Liſſabon den
7035 2635 8437 2700 dreißigſten Dezember Eintauſend Achthundert ſechs und achtzig.
7367 2703 8329 2761 (L. S.) von Schmidthals.
7145 2816 8442 2873 O Governo de Sua Magestade o Imperador de
7035 2869 8445 2922 Allemanha e o Governo de Sua Magestade El Rei
7036 2921 8441 2978 de Portugal e dos Algarves, animados do identico
7038 2974 8443 3032 desejo de estreitar ainda mais as relações amigaveis existen-
7037 3026 8444 3078 tes entre a Allemanha e Portugal e assentar uma firme e
7038 3077 8444 3136 segura base para a pacifica cooperação das duas Potencias
7039 3131 8447 3181 no intuito de desinvolver na Africa a civilisação e o com-
7038 3179 8444 3234 mercio, resolveram estabelecer na Africa Meridional limites
7038 3232 8443 3286 defenidos dentro dos quaes cada uma das duas Potencias
7038 3291 8442 3343 tenha plena liberdade de acção para o constante progresso
7039 3341 7754 3386 da sua actividade colonisadora.
7145 3386 8441 3436 Para este fim os abaixo assignados, Conselheiro de
7040 3438 8443 3497 Legação Ricardo de Schmidthals, Enviado Extraordinario
7040 3489 8441 3549 e Ministro Plenipotenciario de Sua Magestade o Imperador
7040 3541 8440 3595 de Allemanha, e Henrique de Barros Gomes, do Conselho
7040 3594 8439 3650 de Sua Magestade Fidelissima e Seu Ministro e Secretario
7041 3646 8441 3702 d'Estado dos Negocios Estrangeiros, devidamente autori-
7042 3698 8441 3752 sados, convieram em nome dos Seus Governos nos artigos
7042 3760 7270 3807 seguintes:
7629 3803 7856 3853 Artigo 1°.
7152 3854 8450 3907 A fronteira entre as Possessões allemães e portu-
7043 3902 8451 3960 guezas no Sudueste de Africa seguirá pelo curso do
7041 3958 8449 4008 rio Cunene desde a sua embocadura até ás cataractas
7041 4007 8452 4065 que aquelle rio forma no sul do Humbe ao atra-
7042 4058 8447 4111 vessar a serra Cannà. Deste ponzo em diante seguirà
7042 4110 8445 4167 o parallelo até ao rio Cubango, d'ahi o curso deste rio até
7043 4162 8445 4218 o logar de Andara, que ficará na esphera dos interesses
7043 4213 8449 4268 allemães, e deste logar seguirá a fronteira em linha recta
7043 4265 8392 4318 na direcção de Leste até os rapidos de Catima no Zambeze.
7630 4331 7853 4382 Artigo 2°.
7151 4381 8449 4437 A fronteira que a Sueste de Africa fica separando as
7044 4433 8448 4486 Possessões allemães das portuguezas, seguirá o curso do rio
7043 4485 8451 4534 Rovuma desde a sua foz até a confluencia do rio M'Sinje e
7044 4537 8446 4593 d'ahi para oeste o parallelo até á margem do lago Nyassa.
7632 4602 7860 4651 Artigo 3°.
7154 4653 8454 4707 Sua Magestade o Imperador de Allemanha reconhece
7046 4705 8453 4759 a Sua Magestade Fidelissima o direito de exercer a sua
7045 4758 8450 4807 influencia soberana e civilisadora nos territorios que separam
7045 4808 8450 4863 as Possessões portuguezas de Angola e Moçambique, sem
7045 4859 8455 4915 prejuizo dos direitos que ahi possam ter adquirido até
7046 4912 8453 4966 agora outras Potencias, e obriga-se em harmonia com
7046 4964 8454 5016 este reconhecimenzo a não fazer naquelles territorios acqui-
7047 5014 8454 5068 sicões de dominio, a não acceitar nelles Protectorados, e
7047 5068 8452 5123 finalmente a não pôr ahi quaesquer obstaculos á extensão
7046 5124 7627 5174 da influencia portugueza.
7156 5170 8452 5226 Sua Magestade El Rei de Portugal e dos Algarves
7047 5223 8449 5276 toma sobre si identicas obrigações no que respeita os terri-
7048 5275 8451 5331 torios, que segundo os artigos 1° e 2° deste convenio
7048 5327 8290 5382 ficam pertencendo á esphera de acção da Allemanha.
7647 5392 7876 5442 Artigo 4°.
7155 5440 8454 5493 Os subditos allemães nas Possessões portuguezas de
7047 5493 8453 5549 Africa e os subditos portuguezes nas Possessões allemães
7047 5545 8454 5600 Africanas, gozarão, no que respeita á protecção de suas
7047 5596 8453 5655 pessoas e bens, á acquisição e transmissão de propriedades
7047 5648 8457 5700 mobiliarias e imobiliarias, e ao exercio de sua industria, do
7047 5701 8455 5752 mesmo tratamento sem differença alguma e dos mesmos
7048 5753 8458 5806 direitos dos subditos da Nação que exercer a Soberania
7048 5810 7481 5855 ou o Protectorado.
7635 5859 7868 5909 Artigo 5°.
7157 5911 8457 5959 O Governo allemão e o Governo portuguez reservão
7048 5960 8456 6017 negociar ulteriormente accordos especiaes que facilitem o
7050 6013 8464 6066 commercio e a navegação e regulem o trafico nas fronteiras
7049 6069 7744 6113 das suas Possessões africanas.
7157 6115 8459 6170 Feito e assignado em duplicado em Lisboa aos trinta
7050 6169 8247 6221 dias de Dezembro de mil oitocentos oitenta e seis.
7383 6233 8350 6287 (L. S.) Barros Gomes.
7559 6345 7950 6403 Zuſatz⸗Artikel
7050 6405 8454 6466 zur Erklärung vom 30. Dezember 1886, betreffend die Ab⸗
7050 6458 8455 6519 grenzung der deutſchen und portugieſiſchen Beſitzungen und
7384 6511 8132 6568 Intereſſenſphären in Süd⸗Afrika.
7158 6584 8460 6643 Dieſes Uebereinkommen wird in Kraft treten und für die
7049 6635 8463 6694 beiden vertragsſchließenden Mächte bindend ſein, ſobald dasſelbe
7049 6688 8461 6745 von den portugieſiſchen Cortes angenommen und in den
7051 6739 8353 6798 amtlichen Blättern beider Länder veröffentlicht ſein wird.
7158 6791 8464 6849 In doppelter Ausführung vollzogen zu Liſſabon den
7051 6842 8457 6901 dreißigſten Dezember Eintauſend Achthundert ſechs und achtzig.
7384 6905 8349 6963 (L. S.) von Schmidthals.
8621 2158 9919 2213 Este Convenio entrará em vigor e será obrigatorio
8513 2214 9917 2272 para os dous Governos depois de approvado pelas Cortes
8514 2267 9807 2319 Portuguezas e officialmente publicado nos dous Paizes.
8623 2318 9921 2368 Feito e assignado em duplicado em Lisboa aos trinta
8514 2372 9708 2418 dias de Dezembro de mil oitocentos oitenta e seis.
8850 2433 9813 2490 (L. S.) Barros Gomes.
8623 2531 9922 2589 Vorſtehendes Uebereinkommen iſt von den portugieſiſchen
8514 2583 9925 2641 Cortes angenommen worden. Die Veröffentlichung in
8514 2640 9465 2696 Portugal ſoll am heutigen Tage erfolgen.
9094 2805 9351 2858 Geſetz,
8623 2866 9816 2921 betreffend den Verkehr mit Erſatzmitteln
9061 2922 9380 2971 für Butter.
8957 2990 9478 3046 Vom 12. Juli 1887.
8571 3066 9923 3118 Wir Wilhelm, von Gottes Gnaden Deutſcher Kaiſer,
8676 3123 9198 3176 König von Preußen ꝛc.
8516 3170 9924 3223 verordnen im Namen des Reichs, nach erfolgter Zuſtimmung
8515 3223 9643 3277 des Bundesraths und des Reichstages, was folgt:
9169 3275 9274 3328 §. 1.
8625 3324 9923 3378 Die Geſchäftsräume und ſonſtigen Verkaufsſtellen ein⸗
8517 3374 9924 3435 ſchließlich der Marktſtände, in welchen Margarine gewerbsmäßig
8517 3427 9922 3484 verkauft oder feilgehalten wird, müſſen an in die Augen
8518 3477 9923 3538 fallender Stelle die deutliche nicht verwiſchbare Inſchrift:
8517 3538 9297 3591 „Verkauf von Margarine“ tragen.
8629 3582 9924 3641 Margarine im Sinne dieſes Geſetzes ſind diejenigen, der
8520 3635 9923 3694 Milchbutter ähnlichen Zubereitungen, deren Fettgehalt nicht
8520 3692 9302 3745 ausſchließlich der Milch entſtammt.
9176 3737 9278 3793 §. 2.
8629 3789 9926 3844 Die Vermiſchung von Butter mit Margarine oder anderen
8524 3842 9926 3899 Speiſefetten zum Zweck des Handels mit dieſen Miſchungen,
8524 3893 9927 3949 ſowie das gewerbsmäßige Verkaufen und Feilhalten derſelben
8522 3952 8786 4001 iſt verboten.
8631 3997 9931 4050 Unter dieſe Beſtimmung fällt nicht der Zuſatz von Butter⸗
8522 4047 9927 4104 fett, welcher aus der Verwendung von Milch oder Rahm bei
8520 4100 9928 4158 der Herſtellung von Margarine herrührt, ſofern nicht mehr als
8524 4150 9929 4206 100 Gewichtstheile Milch oder 10 Gewichtstheile Rahm auf
8527 4203 9928 4258 100 Gewichtstheile der nicht der Milch entſtammenden Fette
8522 4261 9067 4311 in Anwendung kommen.
9181 4310 9283 4363 §. 3.
8633 4360 9928 4414 Die Gefäße und äußeren Umhüllungen, in welchen Mar⸗
8527 4412 9929 4468 garine gewerbsmäßig verkauft oder feilgehalten wird, müſſen
8527 4463 9929 4520 an in die Augen fallenden Stellen eine deutliche nicht verwiſch⸗
8527 4516 9929 4571 bare Inſchrift tragen, welche die Bezeichnung „Margarine“
8527 4576 8688 4625 enthält.
8634 4620 9930 4675 Wird Margarine in ganzen Gebinden oder Kiſten ge⸗
8526 4670 9930 4727 werbsmäßig verkauft oder feilgehalten, ſo hat die Inſchrift
8528 4724 9931 4777 außerdem den Namen oder die Firma des Fabrikanten zu
8528 4782 8739 4832 enthalten.
8633 4826 9931 4883 Im gewerbsmäßigen Einzelverkauf muß Margarine an
8528 4877 9928 4933 den Käufer in einer Umhüllung abgegeben werden, welche
8528 4929 9930 4986 eine die Bezeichnung „Margarine“ und den Namen oder die
8528 4981 9931 5040 Firma des Verkäufers enthaltende Inſchrift trägt. Wird
8528 5032 9931 5091 Margarine in regelmäßig geformten Stücken gewerbsmäßig
8528 5084 9931 5141 verkauft oder feilgehalten, ſo müſſen dieſelben von Würfel⸗
8528 5135 9932 5195 form ſein, auch muß denſelben die vorbezeichnete Inſchrift ein⸗
8529 5188 9932 5247 gedrückt ſein, ſofern ſie nicht mit einer dieſe Inſchrift tragenden
8529 5245 9106 5300 Umhüllung verſehen ſind.
8636 5291 9930 5344 Der Bundesrath iſt ermächtigt, zur Ausführung der im
8530 5343 9931 5402 Abſatz 1 bis 3 enthaltenen Vorſchriften nähere, im Reichs⸗
8530 5395 9828 5453 Geſetzblatt zu veröffentlichende Beſtimmungen zu erlaſſen.
9181 5446 9287 5502 §. 4.
8636 5498 9930 5556 Die Vorſchriften dieſes Geſetzes finden auf ſolche Er⸗
8531 5549 9931 5608 zeugniſſe der im §. 1 bezeichneten Art, welche zum Genuſſe
8531 5603 9716 5662 für Menſchen nicht beſtimmt ſind, keine Anwendung.
9181 5655 9284 5710 §. 5.
8637 5705 9931 5764 Zuwiderhandlungen gegen die Vorſchriften dieſes Geſetzes,
8532 5756 9931 5817 ſowie gegen die in Gemäßheit des §. 3 zu erlaſſenden Beſtim⸗
8531 5808 9933 5866 mungen des Bundesraths werden mit Geldſtrafe bis zu ein⸗
8532 5861 9606 5921 hundertundfünfzig Mark oder mit Haft beſtraft.
8636 5910 9930 5971 Im Wiederholungsfalle iſt auf Geldſtrafe bis zu ſechs⸗
8531 5963 9931 6022 hundert Mark, oder auf Haft, oder auf Gefängniß bis zu drei
8533 6013 9932 6073 Monaten zu erkennen. Dieſe Beſtimmung findet keine An⸗
8532 6065 9933 6126 wendung, wenn ſeit dem Zeitpunkte, in welchem die für die
8532 6116 9933 6179 frühere Zuwiderhandlung erkannte Strafe verbüßt oder er⸗
8533 6174 9360 6230 laſſen iſt, drei Jahre verfloſſen ſind.
8640 6219 9936 6275 Neben der Strafe kann auf Einziehung der dieſen Vor⸗
8532 6272 9935 6334 ſchriften zuwider verkauften oder feilgehaltenen Gegenſtände
8533 6323 9935 6382 erkannt werden, ohne Unterſchied, ob ſie dem Verurtheilten
8533 6383 8953 6438 gehören oder nicht.
8639 6427 9937 6489 Iſt die Verfolgung oder Verurtheilung einer beſtimmten
8532 6477 9936 6541 Perſon nicht ausführbar, ſo kann auf die Einziehung ſelbſt⸗
8534 6539 9059 6592 ſtändig erkannt werden.
9187 6582 9288 6637 §. 6.
8640 6633 9937 6692 Die Vorſchriften des Geſetzes, betreffend den Verkehr mit
8534 6685 9937 6747 Nahrungsmitteln, Genußmitteln und Gebrauchsgegenſtänden,
8533 6734 9937 6794 vom 14. Mai 1879 (Reichs⸗Geſetzbl. S. 145) bleiben unbe⸗
8533 6788 9939 6849 rührt. Die Vorſchriften in den §§. 16, 17 desſelben finden
8534 6841 9939 6902 auch bei Zuwiderhandlungen gegen die Vorſchriften des gegen⸗
8533 6897 9219 6953 wärtigen Geſetzes Anwendung.
998 2972 1335 3025 Per 100 kg für:
852 3044 1231 3092 Weizen gute Sorte
852 3091 1266 3138 Weizen mittel Sorte
853 3134 1290 3189 Weizen geringe Sorte
852 3182 1241 3234 Roggen gute Sorte
854 3227 1280 3279 Roggen mittel Sorte
854 3272 1301 3325 Roggen geringe Sorte
856 3321 1217 3368 Gerſte gute Sorte
858 3366 1259 3413 Gerſte mittel Sorte
858 3407 1276 3464 Gerſte geringe Sorte
856 3460 1208 3513 Hafer gute Sorte
856 3502 1243 3554 Hafer mittel Sorte
861 3548 1264 3601 Hafer geringe Sorte
861 3599 1052 3647 Richtſtroh
862 3645 934 3695 Heu
864 3682 1373 3740 Erbſen, gelbe zum Kochen
865 3729 1265 3783 Speiſebohnen, weiße
866 3784 982 3829 Linſen
867 3828 1061 3873 Kartoffeln
868 3872 1071 3921 Rindfleiſch
915 3912 1322 3960 von der Keule 1 kg
915 3961 1266 4013 Bauchfleiſch 1 kg
869 4008 1281 4055 Schweinefleiſch 1 kg
866 4055 1188 4106 Kalbfleiſch 1 kg
869 4098 1262 4148 Hammelfleiſch 1 kg
871 4146 1126 4194 Butter 1 kg
872 4192 1163 4241 Eier 60 Stück
870 4238 1148 4289 Karpfen 1 kg
870 4291 1113 4332 Aale „
870 4336 1110 4381 Zander „
872 4382 1109 4425 Hechte „
873 4425 1111 4472 Barſche „
875 4471 1109 4518 Schleie „
875 4519 1113 4562 Bleie „
878 4556 1226 4610 Krebſe pr. Schock
1507 2836 1644 2885 Höchſte
1593 2881 1800 2926 Preiſe.
1511 2969 1557 3010 ℳ
1514 3033 1561 3076 18
1515 3081 1563 3123 18
1514 3124 1565 3170 17
1516 3171 1563 3214 12
1516 3217 1562 3259 12
1516 3263 1560 3306 11
1517 3309 1564 3351 19
1517 3356 1564 3396 15
1519 3403 1565 3442 12
1519 3446 1565 3490 13
1520 3494 1563 3536 11
1519 3538 1569 3582 10
1543 3587 1568 3627 4
1543 3631 1570 3674 6
1522 3675 1570 3720 35
1523 3723 1574 3765 40
1526 3767 1575 3808 60
1528 3813 1579 3854 12
1553 3903 1576 3946 1
1552 3949 1578 3993 1
1552 3996 1578 4039 1
1552 4043 1583 4085 1
1553 4089 1583 4130 1
1552 4134 1579 4173 2
1552 4179 1579 4221 2
1552 4226 1580 4267 2
1554 4272 1581 4314 2
1553 4317 1584 4360 2
1554 4363 1584 4406 2
1554 4411 1584 4453 1
1556 4457 1585 4497 2
1558 4501 1587 4544 1
1540 4548 1585 4590 15
1620 2964 1661 3014 ₰
1617 3033 1665 3075 80
1623 3079 1667 3121 10
1618 3124 1666 3166 40
1619 3168 1669 3211 60
1618 3216 1666 3258 25
1620 3261 1667 3304 90
1617 3315 1672 3344 —
1620 3354 1672 3395 50
1622 3407 1667 3435 —
1618 3448 1674 3482 —
1621 3491 1673 3534 50
1621 3544 1676 3574 —
1624 3582 1670 3627 75
1627 3629 1673 3671 30
1624 3675 1678 3710 —
1627 3726 1681 3757 —
1628 3772 1682 3800 —
1630 3818 1684 3846 —
1634 3902 1686 3944 40
1631 3948 1687 3989 20
1631 3995 1685 4035 40
1632 4040 1686 4081 50
1632 4088 1686 4129 30
1634 4132 1685 4172 60
1634 4178 1687 4220 80
1634 4231 1690 4261 —
1635 4270 1689 4312 80
1635 4315 1689 4357 50
1633 4363 1691 4399 —
1635 4406 1691 4449 50
1635 4461 1693 4488 —
1636 4498 1695 4543 20
1638 4550 1695 4578 —
1705 2832 1894 2880 Niedrigſte
1727 2965 1769 3007 ℳ
1731 3029 1773 3072 18
1732 3075 1775 3117 17
1731 3120 1773 3163 17
1732 3166 1774 3210 12
1732 3213 1775 3256 12
1732 3258 1771 3301 11
1733 3305 1774 3348 17
1733 3350 1775 3393 14
1732 3397 1778 3440 10
1735 3442 1777 3486 12
1734 3489 1777 3533 11
1753 3535 1779 3578 9
1755 3585 1781 3622 4
1756 3628 1781 3671 4
1737 3673 1780 3715 20
1737 3717 1784 3759 20
1743 3764 1786 3804 30
1761 3808 1787 3851 5
1765 3897 1787 3941 1
1741 3953 1793 3979 —
1742 3999 1790 4029 —
1764 4039 1791 4078 1
1738 4089 1791 4120 —
1763 4128 1785 4169 1
1765 4175 1790 4216 2
1763 4222 1793 4261 1
1760 4268 1793 4308 1
1766 4312 1789 4353 1
1766 4357 1791 4399 1
1743 4412 1796 4442 —
1766 4450 1794 4493 1
1747 4504 1797 4531 —
1768 4543 1796 4584 2
1828 2961 1870 3008 ₰
1826 3027 1878 3071 40
1829 3073 1877 3116 70
1828 3127 1877 3153 —
1827 3163 1879 3207 40
1829 3211 1878 3252 05
1831 3257 1880 3299 70
1829 3301 1881 3344 50
1831 3355 1879 3381 —
1831 3392 1883 3437 50
1832 3438 1883 3482 50
1830 3491 1886 3523 —
1835 3532 1887 3574 50
1835 3588 1884 3612 —
1837 3624 1887 3667 40
1835 3676 1892 3706 —
1838 3720 1893 3749 —
1839 3768 1898 3795 —
1843 3806 1894 3847 50
1844 3901 1900 3931 —
1846 3943 1898 3983 80
1844 3988 1899 4031 90
1840 4041 1900 4070 —
1845 4082 1896 4125 80
1845 4128 1896 4167 60
1842 4179 1900 4209 —
1842 4226 1901 4256 —
1846 4266 1900 4306 20
1847 4322 1899 4348 —
1843 4364 1905 4394 —
1846 4404 1901 4444 60
1846 4458 1905 4484 —
1850 4494 1904 4538 60
1849 4547 1905 4573 —
3242 3750 3940 3811 Wetterbericht vom 20. Juli,
3393 3805 3787 3849 8 Uhr Morgens.
3117 3993 3322 4042 Stationen.
3069 4185 3336 4231 Mullaghmore
3068 4231 3239 4269 Aberdeen
3071 4271 3334 4322 Chriſtianſund
3069 4320 3299 4369 Kopenhagen
3069 4367 3278 4415 Stockholm
3071 4415 3284 4461 Haparanda
3070 4456 3346 4507 St. Petersbrg.
3072 4508 3229 4554 Moskau
3073 4565 3341 4609 Cork, Queens⸗
3118 4615 3217 4654 town
3072 4654 3179 4704 Breſt
3072 4706 3204 4748 Helder
3075 4749 3174 4794 Sylt
3074 4797 3260 4843 Hamburg
3072 4838 3333 4884 Swinemünde
3075 4886 3360 4932 Neufahrwaſſer
3077 4933 3224 4980 Memel
3075 4989 3190 5039 Paris
3077 5036 3249 5084 Münſter
3079 5082 3281 5127 Karlsruhe
3081 5129 3297 5173 Wiesbaden
3081 5175 3265 5220 München
3083 5220 3263 5266 Chemnitz
3081 5268 3221 5310 Berlin
3083 5312 3191 5355 Wien
3084 5358 3252 5402 Breslau
3082 5415 3269 5463 Ile d'Aix
3088 5463 3196 5508 Nizza
3088 5509 3208 5554 Trieſt
3366 3881 3418 4158 Bar. auf 0 Gr.
3464 3881 3511 4155 reb. in Millim.
3418 3879 3463 4155 u. d. Meeresſp.
3408 4176 3480 4221 772
3410 4222 3480 4266 769
3412 4270 3483 4314 756
3413 4316 3482 4359 764
3412 4361 3482 4405 759
3410 4408 3483 4452 753
3410 4452 3481 4497 757
3412 4500 3482 4544 760
3412 4605 3482 4645 773
3414 4650 3484 4692 767
3413 4695 3487 4737 769
3414 4742 3489 4784 767
3414 4787 3488 4829 767
3415 4833 3489 4876 766
3420 4881 3491 4923 763
3416 4926 3487 4967 761
3419 4984 3494 5025 766
3423 5030 3494 5072 767
3421 5077 3497 5118 765
3423 5123 3496 5165 767
3420 5168 3495 5208 765
3423 5211 3496 5255 767
3426 5260 3499 5303 767
3425 5306 3496 5348 764
3424 5350 3497 5392 767
3428 5412 3502 5453 764
3428 5453 3501 5498 763
3428 5502 3504 5545 763
3571 3986 3692 4034 Wind.
3539 4171 3749 4220 NW 2
3540 4221 3747 4265 WNW 3
3542 4263 3748 4312 WSW 8
3542 4313 3750 4357 W 3
3541 4356 3751 4405 WSW 2
3544 4406 3752 4448 S 4
3541 4451 3752 4494 NNO 1
3683 4495 3759 4540 ſtill
3543 4597 3751 4644 N 1
3545 4645 3755 4691 NO 5
3545 4689 3755 4738 N 1
3544 4737 3760 4784 NW 2
3548 4781 3756 4830 NW 1
3547 4829 3762 4873 WNW 4
3549 4878 3763 4920 NW 4
3549 4922 3763 4966 W 4
3550 4976 3763 5023 NNO 3
3552 5026 3763 5070 N 1
3551 5071 3765 5115 NO 3
3554 5117 3765 5162 N 1
3552 5163 3766 5208 NO 4
3556 5206 3764 5255 NO 1
3556 5255 3768 5299 WNW 4
3557 5300 3767 5344 1
3554 5343 3771 5391 NNW 2
3559 5404 3769 5448 ONO 4
3560 5449 3771 5497 O 2
3702 5491 3776 5541 ſtill
3787 3980 3935 4030 Wetter.
3763 4168 3883 4215 bedeckt
3763 4215 3882 4263 wolkig
3763 4261 3873 4309 Nebel
3763 4309 3888 4356 wolkig
3764 4356 3866 4400 heiter
3764 4401 3887 4446 wolkig
3766 4446 3885 4487 bedeckt
3766 4491 3950 4533 wolkenlos
3768 4598 3874 4641 heiter
3769 4642 3955 4681 wolkenlos
3770 4687 3956 4729 wolkenlos
3771 4733 3900 4776 bedeckt
3771 4779 3899 4823 bedeckt
3771 4824 3927 4869 wolkig ¹)
3773 4870 3930 4917 wolkig ²)
3773 4918 3901 4963 wolkig
3774 4973 3962 5020 halb bed.
3776 5021 3904 5065 bedeckt
3776 5066 3902 5108 bedeckt
3777 5113 3967 5155 wolkenlos
3777 5160 3963 5198 wolkenlos
3777 5201 3935 5251 wolkig ³)
3780 5253 3889 5298 heiter
3780 5298 3966 5336 wolkenlos
3781 5342 3960 5392 halb bed.
3782 5400 3908 5444 bedeckt
3783 5446 3908 5489 bedeckt
3783 5492 3971 5535 wolkenlos
4070 3861 4116 4142 5 °C. = 4 °R.
4025 3884 4070 4120 in °Celsius
3981 3888 4026 4117 Temperatur
4029 4163 4077 4207 16
4032 4211 4079 4254 16
4032 4256 4079 4299 11
4033 4302 4082 4346 14
4033 4347 4081 4391 19
4033 4394 4081 4438 15
4036 4443 4083 4485 14
4036 4485 4084 4529 22
4039 4587 4085 4634 18
4036 4637 4085 4676 17
4039 4680 4091 4725 15
4041 4730 4092 4769 14
4043 4775 4095 4818 14
4038 4821 4093 4860 15
4042 4866 4092 4907 17
4042 4912 4096 4954 17
4045 4968 4093 5010 15
4046 5017 4098 5058 14
4047 5061 4095 5102 16
4048 5107 4096 5150 17
4044 5151 4097 5193 20
4048 5200 4096 5240 15
4051 5248 4097 5286 15
4047 5291 4100 5331 20
4052 5338 4101 5381 16
4052 5395 4102 5438 16
4051 5441 4104 5483 22
4052 5487 4104 5528 29
