9912 7112
4009 488 5060 538 Actien „Frey & Cie.“ zu Mülhauſen iſt auf
4010 538 5049 587 Anmeldung heute folgende Eintragung bewirkt worden:
4050 584 5049 631 Durch Beſchluß der Generalverſammlung vom
4009 629 5051 678 28. Juli 1886, beurkundet durch Herrn Notar
4010 675 5052 722 Schneiderlin in Habsheim, zur Entlaſtung des
4012 721 5054 772 H. Notars Diemer hier, iſt die durch den Aufſichts⸗
4009 766 5054 813 rath in der Sitzung vom 19. Januar 1886 be⸗
4012 812 5048 863 ſchloſſene Ernennung des Herrn Max Frey Sohn,
4010 857 5055 906 Kaufmann, in Mülhauſen wohnend, zum Mitgeranten
4011 904 5050 952 und perſönlich haftenden Mitgeſellſchafter genehmigt
4009 955 4157 997 worden.
4053 994 4958 1043 Mülhauſen i. E., den 27. Dezember 1886.
4262 1040 4803 1083 Der Landgerichts⸗Sekretär:
4452 1085 4615 1129 Stahl.
2912 494 3971 553 Baumwolle, Kohlen, Schmieröl und dergleichen, die
2914 545 3967 600 gewöhnlich im Geſchäftsbetrieb ſeparat figuriren. Die
2916 591 3966 644 vorbeſchriebene Einlage der Frau Koehl und ihres
2914 638 3968 691 Sohnes Johann Baptiſt Emil Kochl iſt geſchätzt zu
2917 684 3969 738 Hundert vierzig Tauſend Mark, wovon entfallen:
2916 729 3965 778 a. auf das Grundſtück ſelbſt, die Motoren und
2916 775 3964 826 Wellenleitungen 70 000 ℳ, und b. auf die gewerb⸗
2914 820 3963 869 liche Einrichtung ebenfalls 70 000 ℳ. Für dieſe
2916 865 3966 917 Einlagen werden der Frau Koehl und ihrem Sohn
2917 912 3969 960 140 voll eingezahlte Aktien gewährt. — Die Aktien
2918 958 3872 1010 ſind von den Gründern ſämmtlich übernommen.
2965 1004 3673 1050 Die Gründer der Geſellſchaft ſind:
2967 1047 3968 1100 1) Frau Catharina Einiger, Rentnerin, in Mas⸗
2916 1094 3969 1142 münſter wohnend, Wittwe des H. Johann Baptiſt
2918 1140 3728 1191 Koehl, im Leben Manufakturiſt daſelbſt,
2963 1185 3967 1236 2) H. Johann Baptiſt Emil Koehl, Manufak⸗
2920 1232 3562 1282 turiſt, in Masmünſter wohnend,
2966 1276 3968 1326 3) Herr Alfred Lacour, Rentner, in Masmünſter
2919 1328 3093 1370 wohnend,
2967 1367 3967 1418 4) H. Alphons André, Manufakturiſt, in Mas⸗
2918 1416 3267 1460 münſter wohnend,
2968 1458 3973 1508 5) H. Ludwig Berger, genannt Berger⸗André,
2920 1505 3705 1554 Manufakturiſt, in Alt⸗Thann wohnend,
2969 1549 3977 1599 6) H. Adolph Schlumberger, Manufakturiſt, in
2924 1595 3977 1642 Gebweiler wohnend, handelnd eigenen Namens ſowie
2920 1641 3972 1690 im Namen und als zur Zeichnung der Firma berech⸗
2921 1684 3972 1737 tigter Theilhaber der in Gebweiler beſtehenden offenen
2924 1731 3972 1784 Handelsgeſellſchaft unter der Firma N. Schlum⸗
2923 1782 3195 1826 berger & Cie.
2965 1822 3978 1871 Vorſtand der Geſellſchaft iſt der mehrgenannte
2925 1868 3970 1922 Herr Johann Baptiſt Emil Koehl, Manufakturiſt,
2922 1916 3432 1962 in Masmünſter wohnend.
2967 1959 3977 2009 Als Mitglieder des Aufſichtsraths ſind gewählt:
2924 2005 3979 2057 1) Herr Adolph Schlumberger, Manufakturiſt in
2927 2053 3977 2100 Gebweiler, 2) Herr Ludwig Berger, genannt Berger⸗
2921 2096 3976 2144 André, Manufakturiſt in Alt⸗Thann, 3) Herr Alfred
2923 2139 3978 2191 Lacour, Rentner in Masmünſter, und 4) H. Alphons
2924 2189 3699 2236 André, Manufakturiſt in Masmünſter.
2973 2238 3592 2285 Zu Reviſoren wurden ernannt:
2971 2277 3976 2328 1) Herr René Bian, Manufakturiſt in Sentheim,
2922 2324 3978 2376 2) Herr Victor Zeller, Manufakturiſt in Oberbruck.
2971 2369 3979 2418 Der Vorſtand vertritt die Geſellſchaft im Sinne
2925 2415 3981 2467 des Handelsgeſetzbuches und zeichnet in deren Namen.
2928 2460 3977 2512 Die Zeichnung geſchieht durch Namensunterſchrift
2928 2508 3591 2555 unter die Firma der Geſellſchaft.
2973 2551 3875 2602 Mülhauſen i. E., den 21. Dezember 1886.
3197 2600 3683 2645 Der Landgerichtsſekretär
3367 2647 3542 2690 Stahl.
1871 516 2873 569 Eingetragen zufolge Verfügung vom 28. Dezember
1832 568 2425 611 1886 am 29. Dezember 1886.
1880 610 2679 659 Inowrazlaw, den 29. Dezember 1886.
2119 655 2592 702 Königliches Amtsgericht.
738 528 1594 576 Bremerhaven. Bekanntmachung.
788 570 1796 623 In das hieſige Handelsregiſter iſt heute eingetragen:
790 616 1794 669 R. C. Rickmers. Hauptniederlaſſung: Bremer⸗
741 660 1790 717 haven. Zweigniederlaſſung: Bremen. — In Folge
741 709 1792 757 Ablebens des bisherigen Mitinhabers Rickmer Claſen
738 755 1787 805 Rickmers hat deſſen Betheiligung an der Firma auf⸗
746 802 1794 855 gehört. Das Geſchäft wird unter unveränderter
745 847 1785 899 Firma von den Theilhabern Andreas Claſen Rickmers,
743 891 1790 946 Peter Andreas Rickmers und Wilhelm Heinrich
745 938 1793 990 Rickmers, welche ſämmtliche Aktiva und Paſſiva
743 986 1370 1037 übernommen haben, fortgeführt.
792 1030 1618 1080 Bremerhaven, am 29. Dezember 1886.
744 1074 1786 1129 Der Gerichtsſchreiber der Kammer für Handelsſachen.
1166 1125 1367 1168 Trumpf.
1630 522 1791 576 [48603]
7460 652 7900 793 Blatt
6635 665 6998 806 Poſt
1831 746 2564 795 Liegnitz. Bekanntmachung.
1881 791 2863 840 In unſerem Geſellſchaftsregiſter iſt bei Nr. 135,
1831 841 2480 887 betreffend die Geſellſchaftsfirma:
2000 882 2707 931 B. Mrowetz & Co. zu Liegnitz
1834 927 2577 982 folgende Eintragung bewirkt worden:
1971 976 2558 1021 Die Geſellſchaft iſt aufgelöſt.
1883 1017 2871 1069 Eingetragen zufolge Verfügung vom 22. Dezember
1836 1069 2426 1112 1886 am 22. Dezember 1886.
1879 1113 2565 1161 Liegnitz, den 22. Dezember 1886.
2116 1157 2587 1203 Königliches Amtsgericht.
2720 742 2864 788 [48556]
7130 1004 7377 1093 No. 1
5321 1098 9167 1315 zum Deutſchen Reichs⸗Anzeiger und Königlich Preußiſchen Staats⸗Anzeiger.
4010 1176 4882 1222 Mülhausen i. E. Bekanntmachung.
4059 1223 5055 1273 Zu der im Geſellſchaftsregiſter des Kaiſerlichen
4014 1268 5059 1318 Landgerichts zu Mülhauſen Band IV. Nr. 89 ein⸗
4018 1315 5061 1364 getragenen Firma „Wertenſchlag frères &
4015 1360 5059 1409 Cie.“ in Mülhauſen iſt heute auf Anmeldung
4017 1403 4768 1459 folgende Eintragung bewirkt worden:
4056 1451 5065 1497 Die Geſellſchafterin Frau Eliſe Malozat, Ehefrau
4018 1497 5060 1545 des Kaufmanns Pierre Simonet, iſt aus der Geſell⸗
4015 1544 5063 1591 ſchaft ausgetreten. Das Geſchäft wird von den
4017 1589 5065 1636 beiden übrigen Geſellſchaftern Charles und Léon
4019 1635 5058 1682 Wertenſchlag unter der Firma „Wertenſchlag
4019 1681 4843 1728 frères“ in Mülhauſen weiter geführt.
4066 1726 4992 1774 Mülhauſen i. E., den 28. Dezember 1886.
4274 1772 4812 1817 Der Landgerichts⸗Sekretär:
4459 1819 4627 1864 Stahl.
4908 1171 5059 1223 [48563]
741 1210 1608 1261 Burgsteinfurt. Bekanntmachung.
795 1260 1796 1309 In unſer Genoſſenſchaftsregiſter iſt zu dem unter
744 1305 1793 1354 Nr. 5 desſelben eingetragenen Altenberger Spar⸗
748 1350 1796 1398 und Darlehnskaſſen⸗Verein vermerkt, daß an
740 1395 1797 1445 Stelle des verſtorbenen Schulze Ekel der Colon
746 1441 1793 1491 Wilhelm Brinkmann zu Kümper, Kſp. Altenberge,
743 1487 1793 1537 in den Vorſtand als Mitglied desſelben einge⸗
744 1539 928 1584 treten iſt.
792 1578 1537 1630 Burgſteinfurt, 28. Dezember 1886.
1019 1624 1519 1677 Königliches Amtsgericht.
1638 1208 1795 1259 [48604]
1835 1247 2551 1295 Liegnitz. Bekanntmachung.
1878 1291 2874 1342 In unſer Firmenregiſter iſt heute unter laufende
1832 1342 2241 1387 Nr. 867 die Firma:
2159 1386 2557 1430 Richard O'Brien
1829 1428 2871 1478 zu Liegnitz und als deren Inhaber der Kaufmann
1836 1475 2874 1524 Richard O'Brien zu Liegnitz zufolge Verfügung vom
1836 1525 2622 1569 29. Dezember 1886 eingetragen worden.
1876 1560 2562 1616 Liegnitz, den 29. Dezember 1886.
2108 1608 2595 1658 Königliches Amtsgericht.
2725 1243 2874 1289 [48557]
6600 1289 7905 1399 Berlin, Montag, den 3. Januar 1887.
5173 1390 9330 1527 Nachrichten von allgemeinerem Intereſſe für den Verkehr mit der Poſt und Telegraphie nebſt Porto⸗ und Telegraphengebühren⸗Tarif.
5093 1528 9412 1644 Das Poſtblatt erſcheint vierteljährlich, in der Regel am erſten Tage des Vierteljahrs, und kann durch Vermittelung der Deutſchen Reichs-Poſtanſtalten gegen Vorausbezahlung
6039 1605 8472 1686 von 1 Mark jährlich, ſowie zum Preiſe von 25 Pf. für die einzelne Nummer bezogen werden.
1836 1703 2669 1749 Luckenwalde. Bekanntmachung.
1883 1750 2565 1800 In unſer Firmenregiſter iſt heute:
1932 1792 2870 1843 1) unter Nr. 145 die Firma F. W. Hempe,
1931 1836 2871 1889 2) unter Nr. 146 die Firma Adolph Kraatz,
1975 1886 2871 1931 mit dem Ort der Niederlaſſung Luckenwalde,
1979 1934 2434 1978 und als deren Inhaber
1933 1974 2876 2026 zu 1) der Tuchfabrikant Friedrich Wilhelm
1979 2026 2122 2075 Hempe,
1929 2065 2877 2118 zu 2) der Konditor und Bäckermeiſter Adolph
1977 2119 2103 2164 Kraatz
1841 2165 2226 2208 eingetragen worden.
1888 2205 2669 2256 Luckenwalde, den 29. Dezember 1886.
2128 2251 2597 2300 Königliches Amtsgericht.
2727 1697 2876 1746 [48559]
743 1715 1584 1764 Fürstenwalde. Bekanntmachung.
800 1762 1802 1812 In dem Firmenregiſter des Königlichen Amts⸗
757 1809 1799 1857 gerichts zu Fürſtenwalde iſt das Erlöſchen der unter
748 1853 1802 1904 Nr. 449 (Nr. 19) eingetragenen Firma (Inhaber
746 1898 1800 1951 der Gutsbeſitzer Carl Heinrich Ritſch zu Fürſten⸗
755 1944 1800 1994 walde) heute vermerkt. Gleichzeitig iſt daſelbſt
759 1997 1285 2042 Folgendes neu eingetragen:
799 2044 959 2088 Nr. 76.
800 2085 1466 2134 Bezeichnung des Firmeninhabers:
847 2126 1795 2177 der Landwirth und Kaufmann Carl Ritſch zu
899 2180 1161 2224 Fürſtenwalde.
799 2223 1263 2269 Ort der Niederlaſſung:
1119 2268 1431 2312 Fürſtenwalde.
801 2315 1290 2362 Bezeichnung der Firma:
1141 2358 1414 2400 Carl Ritſch.
800 2398 1803 2451 Eingetragen zufolge Verfügung vom 28. Dezember
756 2452 1353 2495 1886 am 29. Dezember 1886.
999 2494 1546 2541 Koebel, Gerichtsſchreiber.
1642 1708 1798 1758 [48552]
8018 1722 9420 1779 Einſchluß der britiſchen Poſtanſtalten in Amoy, Canton, Foo⸗Chow
8023 1768 9411 1827 (Futſchau), Hankow, Hoihow (Kiung⸗Schow), Ringpo, Shang⸗
8023 1814 9414 1871 hai und Swatow, ferner mit den deutſchen Poſt⸗Dampfſchiffagen⸗
8025 1859 9417 1915 turen in Apia (Samoainſeln) und Tongatabu (Tonga⸗
8027 1904 9421 1960 inſeln) mittels der deutſchen Poſtdampfer der Linien nach
8027 1950 9421 2005 Oſt⸗Aſien und Auſtralien eingerichtet. Das Meiſtgewicht eines Packets
8027 1995 9421 2051 iſt im Verkehr mit den Straits Settlements und Hongkong, ſowie
8030 2042 9421 2096 den vorgenannten chineſiſchen Plätzen auf 3 kg oder 7 Pfund engliſch
8031 2087 9420 2141 in umgekehrter Richtung, im Verkehr mit Apia und Tongatabu da⸗
8029 2131 9417 2189 gegen auf 5 kg feſtgeſetzt. Im Verkehr mit Apia und Tongatabu
8030 2178 9417 2232 iſt eine Werthangabe bis zu 400 ℳ zugelaſſen. Ueber Tarife und
8035 2223 9418 2276 Verſendungsbedingungen ertheilen die Poſtanſtalten auf Verlangen
8031 2278 8229 2321 Auskunft.
6569 1736 7958 1799 in Käſtchen von Holz oder ſtarker Pappe verpackt ſind. Die Zwiſchen⸗
6573 1785 7955 1845 räume zwiſchen Fläſchchen und Käſtchen müſſen in ausreichender
6573 1829 7958 1894 Menge mit Sägeſpänen oder anderen Stoffen ausgefüllt ſein, welche
6573 1876 7960 1938 geeignet ſind, im Falle des Zerbrechens des Fläſchchens die Flüſſigkeit
6576 1918 7964 1980 vollſtändig aufzuſaugen. Die Käſtchen wiederum ſind in eine Hülſe
6576 1965 7966 2026 von Metall, Leder oder ſtarkem Holz einzuſchließen. Der Verſchluß
6574 2011 7962 2073 muß im Uebrigen ſo hergeſtellt ſein, daß der Inhalt der Sendung
6573 2063 7627 2117 als in Waarenproben beſtehend geprüft werden kann.
6667 2100 7966 2162 Wegen der übrigen Bedingungen und der Taxen gelten die allge⸗
6574 2154 7551 2208 meinen Vorſchriften für Waarenprobenſendungen.
5178 1757 6497 1824 Waarenproben mit Flüſſigkeiten ſind, zunächſt verſuchsweiſe,
5093 1806 6507 1875 im inneren Deutſchen Verkehr, ſowie im Verkehr Deutſch⸗
5095 1853 6503 1919 lands mit Argentinien, Belgien, Britiſch Indien,
5097 1894 6509 1967 Bulgarien, Chile, Dänemark, Egypten, Frankreich
5094 1944 6509 2010 nebſt Kolonien, Griechenland, Japan, Italien, Kongo⸗
5096 1987 6510 2056 ſtaat, Luxemburg, Niederland, Niederländiſch Indien,
5098 2031 6502 2099 Norwegen, Oeſterreich⸗Ungarn, Peru, Portugal,
5098 2079 6505 2144 Rumänien, Schweden, der Schweiz, Serbien, Spanien
5098 2125 6419 2192 und der Türkei zur Beförderung mit der Briefpoſt zugelaſſen.
5195 2169 6509 2235 Hinſichtlich der Verpackung müſſen dieſe Sendungen den nach⸗
5101 2212 6508 2285 ſtehenden beſonderen Beſtimmungen entſprechen. Die Flüſſig⸗
5099 2262 6507 2328 keiten dürfen nur in Fläſchchen von durchſichtigem, aber genügend
5100 2306 6509 2372 widerſtandsfähigem Material (ſtarkem Glaſe) verſandt werden, welche
4016 1921 4885 1966 Mülhausen i. E. Bekanntmachung.
4066 1967 5068 2016 Zu der im hieſigen Geſellſchaftsregiſter unter
4021 2011 4832 2059 Nr. 31 Band IV. eingetragenen Firma:
4246 2056 4846 2105 Banque de Mulhouse
4391 2106 4714 2147 in Mülhauſen
4019 2148 5069 2196 iſt heute auf Anmeldung folgende Eintragung be⸗
4019 2199 4303 2242 wirkt worden:
4062 2240 5072 2286 Die dem Herrn Eugen Raval ertheilte Prokura
4019 2286 5072 2333 erliſcht am 31. Dezember 1886. Diejenige des Herrn
4022 2332 5073 2378 Samuel Schmoll bleibt beſtehen. Außerdem hat die
4020 2377 5073 2424 Geſellſchaft Prokura ertheilt dem Herrn Joſeph
4025 2424 5068 2471 Schoffit, Kaſſirer, und dem Herrn Léon Wilhelm,
4023 2470 5075 2514 Bureauchef, Beide zu Mülhauſen wohnend, mit der
4021 2515 5072 2563 Einſchränkung, daß die Zeichnung von 2 der 3 ge⸗
4020 2561 5072 2610 nannten Prokuriſten erforderlich iſt, um für die Ge⸗
4023 2610 4593 2661 ſellſchaft verbindlich zu ſein.
4069 2653 4995 2701 Mülhauſen i. E., den 29. Dezember 1886.
4279 2695 4829 2747 Der Landgerichts⸗Sekretär:
4468 2746 4632 2788 Stahl.
4918 1918 5068 1966 [48564]
6664 2239 7967 2299 Seit 1. November v. J. iſt ein Austauſch von Poſtpacketen mit den
6574 2285 7968 2348 Poſtverwaltungen der Straits Settlements und von Hongkong, mit
1838 2341 2078 2396 Lübeck.
2151 2337 2506 2424 Eintragung
2005 2422 2720 2499 in das Handelsregiſter.
1890 2502 2687 2548 Am 28. Dezember 1886 iſt eingetragen:
1931 2547 2873 2594 auf Blatt 172 bei der Firma Jnlius Kayſer:
1981 2593 2463 2641 Die Firma iſt erloſchen.
1890 2636 2543 2688 Lübeck, den 28. Dezember 1886.
2029 2683 2697 2733 Das Amtsgericht, Abtheilung IV.
2254 2731 2476 2773 Funk, Dr.
2603 2775 2841 2819 H. Köpcke.
2729 2336 2879 2387 [48664]
6579 2425 7972 2527 I. Porto⸗ und Gebühren⸗Tarif.
6936 2543 7601 2614 A. Briefſendungen.
756 2584 1439 2628 Hamburg. Eintragungen
995 2631 1563 2675 in das Handelsregiſter
1036 2677 1527 2723 1886, Dezember 24.
755 2719 1801 2772 Schüder & Reuther. Traugott Paul Richard
804 2764 1799 2815 Reuther iſt aus dem unter dieſer Firma geführ⸗
805 2811 1802 2862 ten Geſchäft ausgetreten und wird dasſelbe von
806 2856 1801 2906 dem bisherigen Theilhaber Richard Heinrich Peter
803 2901 1806 2951 Schüder, als alleinigem Inhaber, unter der Firma
801 2951 1405 2998 Richard Schüder fortgeſetzt.
760 2992 1805 3044 Ernſt Lehmann. Friedrich Wilhelm Richard Ger⸗
806 3038 1801 3089 hard iſt in das unter dieſer Firma geführte Ge⸗
807 3080 1806 3139 ſchäft eingetreten und ſetzt dasſelbe in Gemeinſchaft
805 3129 1800 3182 mit dem bisherigen Inhaber Ernſt Auguſt Leh⸗
803 3178 1567 3227 mann unter unveränderter Firma fort.
765 3220 1804 3273 Glindemann & Stahl. Heinrich Matthias Stahl
812 3262 1808 3318 iſt aus dem unter dieſer Firma geführten Geſchäft
805 3312 1806 3362 ausgetreten und wird dasſelbe von dem bisherigen
809 3359 1808 3409 Theilhaber Jürgen Glindemann, als alleinigem
813 3404 1804 3457 Inhaber, unter der Firma J. Glindemann fort⸗
812 3458 933 3503 geſetzt.
1121 3500 1447 3546 Dezember 27.
767 3541 1809 3593 Theod. A. J. Peters. Carl Anſchar Hagedorn
814 3585 1806 3638 iſt aus dem unter dieſer Firma geführten Geſchäft
814 3632 1805 3683 ausgetreten und wird dasſelbe von dem bisherigen
816 3679 1808 3730 Theilhaber Theodor Auguſt Johannes Peters, als
812 3723 1805 3774 alleinigem Inhaber, unter unveränderter Firma
811 3777 1002 3821 fortgeſetzt.
771 3815 1807 3864 Ludw. Frankenheim & Co. Dieſe Firma, deren
820 3860 1807 3911 Inhaber der am 23. Februar 1884 verſtorbene
813 3908 1588 3957 Ludwig Frankenheim war, iſt erloſchen.
1121 3956 1443 4001 Dezember 28.
773 3996 1811 4050 Jürgen Peters. Die Firma hat an Auguſt
820 4042 1757 4094 Friedrich Carl Emil Behrens Prokura ertheilt.
769 4087 1810 4139 Rettmeyer & Heſſenmüller. Dieſe Firma hat
816 4136 1810 4184 an Heinrich Julius Leonhard Wilckens und an
823 4180 1761 4230 James De Veulle Le Couteur Prokura ertheilt.
774 4225 1808 4278 Herm. Müller ſenr. Emil Georg Meletta iſt in
816 4270 1809 4321 das unter dieſer Firma geführte Geſchäft ein⸗
823 4315 1813 4369 getreten und ſetzt daſſelbe in Gemeinſchaft mit
817 4363 1810 4413 den bisherigen Inhabern Hermann Müller und
819 4407 1813 4457 Albert Theodor Birk unter unveränderter Firma
827 4452 1815 4506 fort. Zur Vertretung der Geſellſchaft und Zeich⸗
820 4499 1819 4551 nung der Firma ſind nur die genannten Müller
816 4548 1221 4595 und Meletta befugt.
777 4589 1819 4642 M. A. Franck Nachf. Hermann Müller iſt aus
823 4634 1819 4685 dem unter dieſer Firma geführten Geſchäft aus⸗
827 4679 1817 4731 getreten und wird daſſelbe von dem bisherigen
823 4725 1821 4776 Theilhaber Auguſt Theodor Julius Lüdert als
828 4770 1821 4823 alleinigem Inhaber unter unveränderter Firma
826 4825 1012 4869 fortgeſetzt.
781 4861 1819 4913 M. A. Franck Nachf. Dieſe Firma hat an Her⸗
824 4910 1449 4956 mann Müller Prokura ertheilt.
781 4952 1822 5007 Koch & Wilcken. Dieſe Firma hat an Emil
828 5000 1481 5047 Georg Meletta Prokura ertheilt.
784 5042 1820 5096 Frankfurter & Liebermann. Dieſe Firma
820 5089 1816 5142 hat an Albert Carl Windmüller Prokura ertheilt.
784 5133 1822 5184 Le Lloyd Belge zu Antwerpen. Die von
826 5179 1822 5230 der Geſellſchaft an Johann Paul Andreas
827 5225 1819 5277 Schinckel, in Firma Paul Schinckel ertheilte Voll⸗
829 5276 1239 5321 macht iſt aufgehoben.
829 5318 1778 5367 Hamburg. Das Landgericht.
1646 2577 1802 2626 [48567]
7440 2607 9423 2662 Waarenproben dürfen weder einen Brief, noch einen geſchriebenen Vermerk enthalten, welcher die Eigenſchaft einer eigent⸗
7303 2645 9423 2699 lichen und perſönlichen Korreſpondenz hat. Waarenproben dürfen 20 cm in der Länge, 10 cm in der Breite und 5 cm in der Höhe
7299 2698 7590 2735 nicht überſchreiten.
7444 2709 9415 2765 Geſchäftspapiere müſſen offen unter Band oder in offenem Umſchlage verſandt werden. Geſchäftspapiere dürſen an keiner
7305 2762 8034 2801 Seite die Ausdehnung von 45 cm überſchreiten.
7442 2779 9417 2834 Einſchreibbriefe ſind innerhalb Deutſchlands, ſowie nach Oeſterreich⸗Ungarn frankirt oder unfrankirt, ſonſt nur frankirt zuläſſig.
7445 2816 9420 2867 Unzureichend frankirte Briefſendungen werden im Weltpoſtvereinsverkehr allgemein mit dem doppelten Betrage des
7304 2852 9425 2904 fehlenden Portotheils taxirt. Im inneren Verkehr Deutſchlands und im Verkehr mit Oeſterreich⸗Ungarn werden belegt:
7306 2886 9424 2937 unzureichend frankirte Briefe mit dem Porto der unfrankirten Briefe, unter Anrechnung des Werths der verwendeten Poſtwerth⸗
7303 2918 9273 2975 zeichen, unzureichend frankirte Druckſachen und Waarenproben mit dem doppelten Betrage des fehlenden Portotheils.
7443 2948 9417 3003 Das höchſte zuläſſige Gewicht beträgt: innerhalb Deutſchlands, ſowie im Verkehr mit Oeſterreich⸗Ungarn für
7307 2985 9419 3038 Briefe und Waarenproben 250 g, für Druckſachen 1 kg; im Weltpoſtvereinsverkehr für Waarenproben 250 g, für Druck⸗
7304 3027 8886 3075 ſachen und Geſchäftspapiere 2 kg. Für Briefe beſteht im Weltpoſtvereinsverkehr keine Gewichtsgrenze.
7444 3052 9424 3105 Schwabacher Schrift in der Spalte „Benennung der Länder“ bezeichnet Gebiete, die zwar nicht zum Weltpoſtverein ge⸗
7308 3096 8720 3144 hören, nach welchen aber die Vereinstaxe in Anwendung kommt, (z. B. Nr. 38, Korea)
7447 3128 9047 3175 Zw. bedeutet Frankirungszwang. † bedeutet, daß die Frankirung nur theilweiſe bewirkt werden kann.
5246 2635 7260 2704 Vorbemerkungen. Mit der Briefpoſt dürfen im Weltpoſtvereinsverkehr nicht verſandt werden: 1) Sendungen,
5104 2668 7262 2741 welche Geldſtücke enthalten; 2) irgendwelche Sendungen (ſeien es Briefe, ſeien es Druckſachen, Waarenproben u. ſ. w.) die zoll⸗
5100 2702 7262 2778 pflichtige oder verbotene Gegenſtände enthalten; 3) Gold⸗ oder Silberſachen, Edelſteine*, Schmuckſachen
5107 2737 7261 2807 und andere koſtbare Gegenſtände, ſofern das Hineinlegen ſolcher Gegenſtände in Briefſendungen oder ihre Beförderung mit
5110 2772 7264 2839 der Briefpoſt durch die Geſetzgebung eines der an der Beförderung betheiligten Länder verboten iſt;
5108 2818 6569 2878 4) Gegenſtände, welche geeignet ſind, die Korreſpondenzen zu beſchmutzen oder zu beſchädigen.
5384 2836 7262 2903 * Nach Niederländiſch⸗Oſtindien können ungefaßte Edelſteine unter Einſchreibung, nach Norwegen
5317 2889 6623 2939 ungefaßte Edelſteine unter Werthangabe in Briefen eingeführt werden.
5248 2906 7262 2975 Aus Deutſchland können ſowohl einfache Poſtkarten als auch Poſtkarten mit Antwort nach ſämmtlichen
5109 2942 7263 3015 Ländern des Weltpoſtvereins abgeſandt werden. Die Rückbenutzung der abgetrennten Antwortskarten iſt nur nach deren Urſprungs⸗
5107 2978 7264 3054 gebiet zuläſſig. Mit Ausnahme der zur Frankirung beſtimmten Poſtfreimarken dürfen keinerlei Gegenſtände den Poſtkarten beigefügt
5107 3014 7262 3081 oder an denſelben befeſtigt werden. Poſtkarten dürfen im Weltpoſtvereinsverkehr die Ausdehnung von 14 cm in der Länge und 9 cm
5109 3075 5615 3116 in der Breite nicht überſchreiten.
5247 3075 7264 3148 Druckſachen dürfen weder einen Brief, noch einen geſchriebenen Vermerk enthalten, welcher die Eigenſchaft einer eigentlichen
5112 3114 7263 3183 und perſönlichen Korreſpondenz hat. Karten, welche die Bezeichnung „Poſtkarte“ tragen, werden zum Druckſachentarif nicht zugelaſſen,
5108 3149 7264 3219 ſind vielmehr als Poſtkarten zu behandeln. Druckſachen dürfen im Vereinsverkehr an keiner Seite die Ausdehnung von 45 cm überſchreiten.
2926 2733 3692 2783 Mülhausen. Bekanntmachung.
2976 2781 3981 2832 Zu der im Geſellſchaftsregiſter hierſelbſt unter
2928 2828 3729 2876 Nr. 211 Band I. eingetragenen Firma:
2926 2873 3985 2920 Société des ateliers de construction
3223 2919 3684 2958 de Bitschwiller,
3275 2966 3633 3009 zu Bitſchweiler
2929 3010 3983 3061 iſt heute auf Anmeldung folgende Eintragung be⸗
2932 3062 3217 3104 wirkt worden:
2978 3101 3987 3150 Durch Generalverſammlungsbeſchluß, beurkundet
2933 3147 3984 3198 durch Herrn Notar Bauer in Thann, vom 22. No⸗
2935 3192 3981 3241 vember 1886, iſt die Geſellſchaft, ohne Vorbehalt,
2935 3234 3987 3291 für eine neue Zeitdauer von fünf Jahren verlängert
2933 3284 3986 3333 worden und ſoll nunmehr ihr Ende am 30. Juni
2937 3330 3984 3379 1892 erreichen. — Durch ferneren Beſchluß der Ge⸗
2937 3377 3989 3424 neralverſammlung, beurkundet durch denſelben Notar
2934 3421 3987 3473 Bauer am 22. Oktober 1886, ſind zu Mitgliedern
2934 3467 3988 3517 des Aufſichtsraths ernannt worden: 1) Herr Eduard
2934 3513 3985 3563 Stehelin, Vater, Fabrikant, 2) Herr Eduard Stehe⸗
2932 3558 3986 3611 lin — Scheurer, Fabrikant, und 3) Herr Georg Stehe⸗
2933 3603 3980 3658 lin, Ingenieur, ſämmtlich in Bitſchweiler wohnend.
2935 3649 3988 3702 Durch denſelben Beſchluß vom 22. Oktober 1886
2937 3690 3990 3753 ſind die nachſtehenden Artikel der Geſellſchaftsſtatuten
2936 3741 3992 3793 in folgender Weiſe abgeändert worden: Zu Artikel 9
2938 3786 3991 3841 iſt der Abſatz 3 geſtrichen und ſtatt deſſen hinzu⸗
2937 3832 3990 3890 geſetzt: Die Aktien können auf Inhaber oder auf
2935 3875 3989 3931 Namen lauten; die Anzahl der erſteren wird auf
2936 3924 3992 3978 ein hundert Stücke, die der letzteren auf drei hundert
2937 3968 3989 4020 Stücke feſtgeſetzt. Zu Artikel 13: Dieſer Artikel iſt
2939 4015 3993 4075 gänzlich geſtrichen und vollſtändig durch folgende
2940 4059 3993 4115 neue Faſſung erſetzt: Der Uebertrag der Aktien auf
2940 4104 3991 4165 Inhaber lautend geſchieht durch die einfache Ueber⸗
2940 4152 3989 4213 gabe der Aktien. Die Uebertragung der Aktien auf
2939 4198 3991 4251 Namen lautend regelt ſich nach den Beſtimmungen
2940 4240 3994 4299 der Artikel 220, 182 und 183 des Geſetzes vom
2943 4287 3995 4343 18. Juli 1884, betreffend die Kommanditgeſellſchaften
2936 4334 3994 4389 auf Aktien und die Aktiengeſellſchaften. Dieſe Ueber⸗
2939 4379 3992 4438 tragung wird durch den Vorſtand beſcheinigt und hat
2939 4424 3993 4480 hiervon au der Rückſeite der übertragenen Aktie Er⸗
2941 4472 3991 4526 wähnung zu geſchehen. Zu Artikel 19 und 20: Dieſe
2943 4518 3994 4571 beiden Artikel ſind geſtrichen und durch folgende neue
2944 4561 3995 4619 Faſſung erſetzt worden: Die Bekanntmachungen und
2943 4607 3991 4665 Beſchlüſſe der Geſellſchaft oder ihrer Organe, welche
2937 4648 3995 4710 in öffentlichen Blättern zur Kenntniß der Aktionäre
2943 4699 3995 4755 oder des Publikums gebracht werden muſſen, werden
2942 4744 3998 4801 dem Geſetze gemäß im Deutſchen Reichs⸗Anzeiger
2943 4787 3997 4848 veröffentlicht. Gleichwohl iſt es dem Vorſtand oder
2942 4834 3997 4893 dem Aufſichtsrath geſtattet, außerdem noch den Aktio⸗
2942 4883 3997 4936 nären über wichtig ſcheinende Gegenſtände durch ein⸗
2942 4928 3995 4984 fache oder eingeſchriebene nach deren etwaigem be⸗
2945 4973 3997 5031 kannten Wohnorte gerichtete Briefe wie endlich auch in
2943 5018 4000 5074 anderen Zeitungen, ſoweit ſolche für Aufnahme geſetz⸗
2946 5062 3996 5122 licher Anzeigen beſtimmt ſind, Noriz und Aufſchluß
2945 5106 3998 5169 zu geben. — Zu Artikel 32: Dieſer Artikel iſt gänz⸗
2943 5156 3999 5208 lich abgeändert und lautet nunmehr vollſtändig: Der
2947 5199 3996 5261 Aufſichtsrath beſteht zum Mindeſten aus 3 Mit⸗
2949 5246 3999 5306 gliedern, welche von der Generalverſammlung auf
2944 5292 3997 5347 5 Jahre gewählt werden. Artikel 40 hat jetzt fol⸗
2944 5338 4001 5394 gende Faſſung: Die Generalverſammlung ernennt
2947 5383 3999 5437 einen oder mehrere Direktoren (Vorſtand). Gegen⸗
2943 5426 4000 5482 wärtig vertritt dieſen Vorſtand Herr Carl Martinot,
2945 5470 3998 5533 Ingenieur in Bitſchweiler. — Endlich ſind durch
2944 5515 3999 5572 denſelben Beſchluß noch abgeändert worden die Artikel
2943 5562 3994 5617 23, 29, 30, 35, 38, 39, 44, 46, 47, 48, 49, 50, 52.
2948 5612 3996 5663 Die Artikel 33 und 34 ſind weggefallen und voll⸗
2946 5657 3455 5714 ſtändig geſtrichen worden.
2995 5695 3773 5757 Mülhauſen, den 22. Dezember 1886.
3205 5741 3743 5794 Der Landgerichts⸗Sekretär.
3389 5792 3557 5835 Stahl.
3826 2731 3981 2780 [48566]
1840 2865 2078 2918 Lübeck.
2194 2865 2553 2947 Eintragung
2005 2948 2723 3026 in das Handelsregiſter.
1891 3027 2696 3073 Am 29. Dezember 1886 iſt eingetragen:
1934 3073 2883 3119 auf Blatt 166 bei der Firma C. D. Lienau:
1983 3116 2476 3166 Die Firma iſt erloſchen.
1942 3163 2879 3213 Die Prokura des Heinrich Albert Ludwig
1979 3212 2404 3255 Nebbien iſt erloſchen.
1896 3254 2549 3306 Lübeck, den 29. Dezember 1886.
2089 3300 2655 3347 Das Amtsgericht, Abth. IV.
2248 3348 2484 3395 Funk, Dr.
2561 3391 2795 3437 H. Köpcke.
2733 2859 2881 2912 [48665]
4023 2870 4857 2914 Oranienburg. Bekanntmachung.
4069 2916 5072 2966 In unſerem Geſellſchaftsregiſter iſt unter Nr. 9,
4024 2962 5078 3012 woſelbſt die „Schloßbrauerei Oranienburg“ mit
4023 3006 5079 3055 dem Sitze in Berlin und einer Zweigniederlaſſung
4027 3053 5079 3101 in Oranienburg eingetragen ſteht, Folgendes ein⸗
4024 3107 4207 3149 getragen:
4313 3145 4794 3189 a. Colonne 2. Firma:
4069 3189 5081 3236 Die Firma iſt durch Beſchluß der General⸗
4027 3236 5082 3283 verſammlung vom 23. November 1886 geändert
4022 3286 4229 3329 worden in
4028 3326 5081 3376 „Münchener Brauhaus. Actien⸗Geſellſchaft.
4075 3372 5080 3420 Eingetragen zufolge Verfügung vom 27. Dezember
4033 3420 4628 3464 1886 am 28. Dezember 1886.
4209 3463 4914 3508 b. Colonne 4. Rechtsverhältniſſe:
4071 3509 5082 3557 Durch Beſchluß der Generalverſammlung vom
4029 3553 5083 3602 23. November 1886 iſt die Geſellſchaft für berech⸗
4028 3599 5083 3653 tigt erklärt, Stamm⸗Prioritäts⸗Aktien auszugeben,
4031 3645 5080 3694 welche hinſichtlich der Dividende und des Kapitals
4032 3691 5082 3740 vor den Stamm⸗Aktien bevorzugt ſind, und eine Er⸗
4034 3737 5083 3785 höhung des Grundkapitals der Geſel ſchaft um den
4031 3782 5082 3831 Betrag von 1 200 000 Mark durch Ausgabe von
4031 3829 4780 3878 Stamm⸗Prioritäts⸗Aktien beſchloſſen.
4079 3872 5086 3922 In Ausführung der gedachten Beſchlüſſe iſt das
4035 3918 5082 3967 Grundkapital um 1 200 000 Mark erhöht und durch
4030 3953 5084 4015 Urkunde vom 7. Dezember 1886 das Statut in den
4034 4011 4877 4064 §§. 1, 4, 22, 25 und 29 geändert worden.
4073 4057 5084 4106 Das Grundkapital der Geſellſchaft beträgt jetzt
4033 4102 5081 4147 1 800 000 Mark und beſteht aus 2000 Stück Stamm⸗
4032 4145 5084 4195 Aktien über je 300 Mark und 1000 Stück Stamm⸗
4034 4193 5089 4246 Prioritäts⸗Aktien über je 1200 Mark. Die letzteren ſind
4033 4239 5079 4290 vor jenen bezüglich der Dividende und des Kapitals,
4033 4285 5082 4331 wie in den beiden Urkunden angegeben, bevorzugt.
4036 4333 4804 4379 Die Aktien lauten auf jeden Inhaber.
4079 4375 5085 4425 Abſchrift der Urkunden vom 23. November und
4035 4423 5087 4470 7. Dezember 1886 befinden ſich Blatt 86 fg. der
4036 4472 4648 4519 Generalakten VI. 3 von 1885.
4073 4511 5084 4562 Eingetragen zufolge Verfügung vom 27. Dezember
4039 4557 4638 4606 1886 am 28. Dezember 1886.
4077 4603 4906 4654 Oranienburg, den 28. Dezember 1886.
4320 4651 4804 4699 Königliches Amtsgericht.
4926 2870 5072 2913 [48581]
6554 3319 7018 3398 Bemerkungen.
6004 3241 6112 3267 Druck⸗
6002 3272 6106 3308 ſachen,
5988 3306 6125 3339 Waaren⸗
6001 3342 6123 3377 proben,
6030 3375 6092 3407 Ge⸗
5997 3407 6116 3443 ſchäfts⸗
5996 3446 6121 3475 papiere
6173 3306 6256 3345 Ein⸗
6150 3349 6264 3384 ſchreib⸗
6152 3384 6265 3419 gebühr.
5227 3284 5553 3350 Benennung
5346 3362 5435 3406 der
5285 3427 5487 3477 Länder.
5714 3342 5837 3403 Briefe.
5863 3322 5961 3368 Poſt⸗
5858 3384 5968 3420 karten.
1846 3481 2575 3528 Memel. Bekanntmachung.
1899 3530 2891 3575 In unſer Firmenregiſter iſt unter Nr. 891 der
1850 3577 2442 3622 Kaufmann Heinrich Schanter,
1938 3622 2598 3664 Ort der Niederlaſſung: Memel,
1946 3668 2488 3715 Firma: Heinr. Schanter,
1852 3711 2888 3758 eingetragen zufolge Verfügung vom 27. Dezember
1849 3760 2341 3807 1886 am heutigen Tage.
1897 3805 2572 3850 Memel, den 27. Dezember 1886.
2119 3850 2590 3893 Königliches Amtsgericht.
2737 3479 2889 3527 [48570]
5749 3477 5809 3518 Pf.
5885 3479 5956 3511 Pf.
6031 3476 6098 3512 Pf.
6191 3473 6256 3506 Pf.
5852 3529 6541 3585 Weltpoſtverein.
6318 3572 7272 3632 1) u. 2) Briefe über 15 — 250 g frank. 20 Pf.,
6338 3620 7278 3675 unfrankirt 30 Pf. Druckſachen bis 50 g
6338 3663 7277 3721 3 Pf., über 50 — 250 g 10 Pf., über 250 — 500 g
6342 3712 7273 3768 20 Pf., über 500 — 1000 g 30 Pf. Waaren⸗
6339 3756 7275 3814 proben bis 250 g 10 Pf. Geſchäfts⸗
6344 3802 7272 3858 papiere gegen ermäßigte Taxe nicht zuläſſig.
6345 3849 7276 3902 Eilbeſtellgebühr bei Vorausbezahlung nach
6344 3892 7277 3952 Poſtorten 25 Pf., nach Orten ohne Poſtanſtalt
6339 3940 7276 3997 in Deutſchland 80 Pf. Bei Eilbriefen nach Land⸗
6342 3986 7276 4041 orten in Oeſterreich⸗Ungarn wird die Gebühr
6343 4037 6988 4080 ſtets vom Empfänger eingezogen.
5268 3604 5519 3649 Europa.
5726 3638 5837 3687 fran⸗
5740 3686 5814 3727 kirt
5749 3732 5813 3773 10,
5706 3777 5846 3824 unfran⸗
5739 3825 5814 3866 kirt
5748 3869 5803 3910 20
5747 3911 5817 3958 bis
5732 3963 5828 4010 15 g
5890 3705 5945 3754 5,
5879 3754 5958 3797 mit
5871 3800 5968 3845 Ant⸗
5867 3848 5973 3891 wort
5886 3892 5953 3935 10
6010 3701 6114 3751 ſiehe
6016 3752 6101 3795 Be⸗
6014 3800 6110 3840 mer⸗
6013 3841 6112 3888 kung
6003 3889 6124 3931 1 u. 2
6180 3694 6260 3747 20,
6155 3747 6270 3792 Rück⸗
6153 3793 6278 3840 ſchein⸗
6146 3841 6285 3886 gebühr
6184 3886 6241 3928 20
5134 3640 5675 3696 1) Deutſchland (Reichs⸗
5202 3690 5673 3740 Poſtgebiet, Bayern und
5203 3737 5497 3786 Württemberg).
1847 3977 2763 4033 Mülhausen i. E. Bekanntmachung.
1904 4031 2895 4079 Im Handelsregiſter des Kaiſ. Landgerichts hier⸗
1855 4079 2893 4128 ſelbſt iſt heute unter Nummer 107 Band IV. des
1853 4124 2694 4173 Geſellſchaftsregiſters die Aktiengeſellſchaft:
2109 4170 2644 4216 Spinnerei Masmünſter
2043 4214 2690 4261 (Filature de Masevaux)
2043 4261 2712 4309 mit dem Sitze in Masmünſter
1852 4313 2246 4357 eingetragen worden.
1899 4352 2895 4399 Der Inhalt des Geſellſchaftsvertrages iſt durch
1859 4398 2893 4443 Herrn Notar Hammel in Masmünſter unterm
1862 4444 2618 4491 16. November 1886 feſtgeſtellt worden.
1901 4487 2897 4537 Gegenſtand des Unternehmens iſt der Betrieb der
1857 4534 2896 4582 Baumwollſpinnerei ſowie alle Geſchäfte, welche mit
1857 4579 2898 4627 dieſem Gewerbe in Verbindung ſtehen. — Das
1863 4625 2900 4670 Grundkapital beträgt drei hundert Tauſend Mark
1857 4671 2896 4717 und iſt zerlegt in drei hundert Aktien von je Tau⸗
1861 4717 2899 4763 ſend Mark. — Durch Beſchluß der Generalverſamm⸗
1859 4761 2898 4811 lung der Aktionäre kann das Grundkapital erhöht
1861 4807 2896 4852 oder vermindert werden. — Die Aktien lauten auf
1859 4852 2897 4901 Namen. — Der Vorſtand wird vom Aufſichtsrath
1860 4898 2895 4945 ernannt und beſteht aus einem oder mehreren Di⸗
1860 4944 2895 4990 rektoren. Die Berufung der Generalverſammlung
1863 4989 2900 5038 erfolgt durch den Präſidenten des Aufſichtsraths
1860 5035 2898 5081 oder den Vorſtand der Geſellſchaft durch einge⸗
1864 5080 2897 5131 ſchriebene Briefe, welche den Aktionären ſpäteſtens
1862 5123 2896 5176 2 Wochen vor dem Zuſammentritt zugeſandt werden.
1861 5170 2896 5223 In dem Berufungsſchreiben wird Zeit, Ort und
1865 5216 2896 5266 Zweck der Verſammlung angegeben. Alle geſetzlichen
1866 5261 2901 5312 Anzeigen und Bekanntmachungen der Geſellſchaft er⸗
1867 5306 2902 5358 folgen durch den Deutſchen Reichs⸗Anzeiger. Sie
1866 5351 2902 5402 tragen die Unterſchrift des Vorſtandes. Die Dauer
1866 5397 2903 5449 der Geſellſchaft iſt feſtgeſetzt auf 10 Jahre (zehn
1868 5443 2901 5492 Jahre) vom 1. Dezember 1886 an. Sie erneuert
1866 5488 2906 5540 ſich dann in fünfjährigen Zeitabſchnitten, wenn nicht
1867 5533 2902 5582 die dem Ablauf einer ſolchen Periode unmittelbar
1871 5580 2900 5628 vorausgehende jährliche Generalverſammlung der
1871 5624 2905 5673 Aktionäre die Auflöſung beſchließt. Die Aktionäre
1869 5670 2904 5719 und Gründer Frau Wittwe Johann Baptiſt Koehl
1869 5713 2902 5764 und Herr Johann Baptiſt Emil Koehl haben auf
1868 5760 2904 5811 das Grundkapital folgende Einlage gemacht: Sie
1868 5806 2903 5855 legen unter der geſetzlichen Garantie Rechtens zu
1872 5850 2902 5900 vollem Eigenthum das nachbeſchriebene Grundſtück
1872 5896 2904 5944 in die Geſellſchaft ein, nämlich: Eine Baumwoll⸗
1871 5941 2904 5994 ſpinnerei, beſtehend aus verſchiedenen theils ein⸗,
1869 5985 2904 6037 theils mehrſtöckigen Gebäuden, Boden, Waſſerlauf,
1872 6030 2906 6082 Waſſer und Dampfmotoren, Rechten und Zubehör,
1869 6076 2905 6126 alles ein Ganzes bildend, gelegen in Masmünſter in
1873 6121 2909 6171 der Gewann „Fiſchermatten“ gegenüber dem Bahn⸗
1873 6166 2907 6218 hofe, eingeſchrieben im Kataſter unter Nummer 7
1872 6212 2907 6262 der Sektion D, mit einer Oberfläche von 74 Aren
1875 6257 2908 6305 40 Centiaren und begrenzt gegen Norden durch
1870 6302 2907 6352 die Bezirksſtraße, gegen Weſten durch den öffentlichen
1873 6346 2907 6397 Spazierweg, auf den übrigen Seiten durch die Doller.
1875 6391 2906 6440 Sowie ſich dieſes Grundſtück vorfindet ohne Aus⸗
1875 6437 2908 6486 nahme noch Vorbehalt mit der geſammten ihrer Be⸗
1876 6483 2908 6534 ſtimmung nach unbeweglichen Einrichtung einer in
1875 6527 2910 6575 vollem Gange ſich befindenden Spinnerei von 10 500
1875 6572 2908 6622 Selfactorſpindeln mit Inbegriff von allem Material
1869 6617 2910 6666 und Zubehör, jedoch mit Ausſchluß der Vorräthe an
2742 3933 2892 3986 [48565]
5133 3966 5671 4014 2) Oeſterreich⸗Ungarn.
6317 4074 7278 4133 3) Im Grenzbezirk (30 km) Briefe frankirt
6343 4121 7277 4177 10 Pf., unfrankirt 20 Pf. für je 15 g. Für
6346 4170 7120 4221 Eilſendungen 25 Pf. vorauszubezahlen.
6187 5219 6268 5271 20,
6161 5271 6279 5318 Rück⸗
6159 5321 6281 5368 ſchein⸗
6164 5365 6293 5414 gebühr
6196 5410 6249 5454 20
5141 4106 5401 4148 3) Belgien.
5729 5139 5849 5192 fran⸗
5747 5188 5828 5234 kirt
5757 5232 5823 5280 20,
5717 5280 5857 5324 unfran⸗
5754 5324 5828 5368 kirt
5754 5371 5819 5410 40
5729 5412 5853 5463 für je
5741 5462 5838 5509 15 g
5884 5208 5958 5261 10,
5882 5261 5965 5300 mit
5881 5301 5979 5349 Ant⸗
5877 5353 5978 5392 wort
5898 5391 5958 5437 20
6030 4972 6098 5028 5
6012 5030 6127 5073 für je
6019 5079 6126 5121 50 g,
6015 5121 6131 5163 Waa⸗
6028 5173 6109 5207 ren⸗
6012 5211 6140 5261 proben
6020 5258 6119 5298 min⸗
6000 5302 6131 5349 deſtens
6044 5350 6110 5392 10,
6031 5390 6114 5439 Ge⸗
5999 5438 6143 5486 ſchäfts⸗
6001 5485 6143 5531 papiere
6026 5530 6121 5572 min⸗
6006 5571 6142 5620 deſtens
6045 5622 6100 5663 20
5134 4150 5677 4193 4) Bosnien, Herzego⸗
5205 4187 5678 4238 wina und Sandſchak
5211 4243 5460 4283 Novibazar.
5141 4288 5462 4330 5) Bulgarien.
6319 4304 7277 4362 6) Im Grenzbezirk (30 km) Briefe frank. 10 Pf.,
6347 4352 7276 4405 unfrank. 20 Pf. für je 15 g. Für Eilſend.
6337 4399 7276 4451 nach Poſtorten in Dänemark 25 Pf. vorauszu⸗
6344 4453 6511 4497 bezahlen.
5132 4333 5678 4377 6) Dänemark mit den
5210 4372 5675 4420 Faröer und Island.
5138 4423 5464 4466 7) Frankreich.
5139 4469 5525 4511 8) Griechenland.
5139 4512 5678 4557 9) Großbritannien und
5217 4559 5390 4602 Irland.
6305 4580 7258 4641 10) Für Eilſendungen 25 Pf. vorauszubezahlen.
5125 4605 5462 4647 10) Helgoland.
5125 4650 5397 4694 11) Italien.
6304 4671 7258 4732 12) Für Eilſendungen 25 Pf. vorauszubezahlen.
5123 4695 5484 4735 12) Luxemburg.
5127 4734 5680 4781 13) Malta und Gibraltar.
4038 4778 4749 4823 Posen. Handelsregiſter.
4083 4822 5089 4871 Die in unſerem Firmenregiſter unter Nr. 1056
4038 4868 5089 4920 eingetragene Firma Simon Heimann zu Poſen
4035 4916 4282 4963 iſt erloſchen.
4084 4962 4740 5010 Poſen, den 30. Dezember 1886.
4155 5005 4974 5056 Königliches Amtsgericht, Abtheilung IV.
4938 4772 5087 4822 [48582]
6308 4803 7284 4861 15) Im Grenzbezirk (30 km) Briefe frankirt
6349 4853 7278 4907 10 Pf., unfrankirt 20 Pf. für je 15 g. Für
6347 4902 7127 4954 Eilſendungen 25 Pf. vorauszubezahlen.
5129 4786 5503 4828 14) Montenegro.
5130 4831 5477 4874 15) Niederland.
5128 4877 5464 4919 16) Norwegen.
5130 4919 5445 4964 7) Portugal.
5134 4966 5465 5009 8) Rumänien.
5130 5011 5425 5054 19) Rußland.
6304 5036 7279 5090 21) Im Grenzbezirk (30 km) Briefe frankirt
6347 5078 7278 5133 10 Pf., unfrankirt 20 Pf. für je 15 g. Für
6350 5127 7127 5178 Eilſendungen 25 Pf. vorauszubezahlen.
5131 5057 5448 5100 20) Schweden.
5132 5102 5411 5146 21) Schweiz.
4035 5132 4805 5190 Querfurt. Bekanntmachung.
4086 5173 5088 5234 In unſer Genoſſenſchaftsregiſter iſt unter Nr. 1
4041 5227 4347 5271 bei der Firma:
4040 5266 5086 5318 „Vorſchuß⸗Verein Nebra a./U. Eingetragene
4214 5312 4932 5360 Genoſſenſchaft in Liquidation“
4038 5354 5091 5406 heute Folgendes zufolge Verfügung vom 25. Dezem⸗
4040 5405 4641 5451 ber 1886 eingetragen worden:
4084 5444 5091 5495 An Stelle der früheren Vorſtandsmitglieder ſind
4039 5493 5068 5542 zum Vorſtande der Genoſſenſchaft gewählt worden:
4112 5537 5092 5588 1) der Mühlenbeſitzer Friedrich Heſſe zu Alten⸗
4175 5595 4286 5633 roda,
4107 5627 5095 5679 2) der Sattlermeiſter Wilhelm Hüfler zu
4173 5679 4432 5722 Nebra a./U.,
4108 5717 5088 5770 3) der Tiſchlermeiſter Franz Stange zu
4178 5770 4427 5812 Nebra a./ U.,
4106 5807 5091 5859 4) der Landwirth Friedrich Schmidt zu Wippach,
4108 5855 5092 5908 5) der Gerbermeiſter Friedrich Lauer zu
4176 5904 4418 5947 Nebra a./U.
4082 5943 5095 5992 An Stelle der Liquidatoren Eigendorf und Wolf
4041 5988 5092 6041 ſind zu Liquidatoren der Genoſſenſchaft gewählt
4041 6043 4204 6082 worden:
4116 6081 5088 6132 1) der Buchbindermeiſter Louis Wilde zu
4184 6131 4443 6176 Nebra a./U.,
4107 6170 5016 6221 2) der Zimmermeiſter Auguſt Pabſt daſelbſt.
4088 6220 4824 6262 Querfurt, den 27. Dezember 1886.
4159 6261 4973 6313 Königliches Amtsgericht. II. Abtheilung.
4939 5122 5089 5173 [48608]
5131 5147 5417 5191 22) Serbien.
6305 5169 7260 5228 22) Für Eilſendungen 25 Pf. vorauszubezahlen.
5135 5193 5422 5237 3) Spanien.
6306 5221 7056 5275 23) Einſchl. der Baleariſchen Inſeln.
5149 5237 5385 5282 4) Türkei.
5291 5299 5507 5343 Aſien.
5150 5350 5679 5399 5) Aden (Indiſche Poſt⸗
5211 5395 5372 5437 anſtalt).
6306 5420 7121 5481 26) Zw. † über Brindiſi und Bombay.
783 5449 1826 5504 Hildburghausen. Auf Anzeige vom Heutigen
785 5499 1826 5549 iſt unter Nr. 123 des Handelsregiſters die Firma:
788 5544 1820 5594 Eduard Guth in Hildburghauſen und Kauf⸗
782 5589 1826 5639 mann Eduard Guth daſelbſt als deren Inhaber ein⸗
782 5644 1119 5690 getragen worden.
837 5679 1701 5729 Hildburghauſen, den 28. Dezember 1886.
916 5725 1693 5773 Herzogliches Amtsgericht. Abtheilung I.
1192 5772 1430 5816 Ambronn.
1673 5408 1817 5450 [48554]
5151 5438 5670 5478 6) Afghaniſtan (Kabul).
5152 5485 5611 5531 7) Annam (Franzöſ.
5218 5533 5484 5572 Schutzgebiet).
5138 5578 5679 5616 8) Aſiatiſches Rußland.
5139 5619 5626 5664 9) Aſiatiſche Türkei.
5142 5667 5509 5715 0) Belutſchiſtan.
5154 5713 5680 5757 a. Guadur, Indiſche Poſt⸗
5215 5757 5360 5797 anſtalt.
6306 5740 6850 5792 31) Hindoſtan und Birma.
6307 5783 7284 5838 33) a.* Außerdem können gewöhnliche fran⸗
6346 5828 7282 5885 kirte Briefſendungen nach folgenden, durch das
6347 5873 7281 5927 britiſche Poſtamt in Hongkong bedienten Orten
6351 5916 7283 5972 Chinas gegen die Vereinstaxe abgeſandt werden:
6351 5962 7282 6017 Amping, Chefoo, Chinkiang, Chungking, Fatſhan,
6350 6008 7280 6063 Hangchow, Ichang, Kaiping, Keelung, Kiukiang,
6354 6052 7280 6107 Macao, Nanking, Newchwang, Pagoda Ancho⸗
6350 6096 7284 6153 rage, Pakhoi, Taiwan⸗foo, Takao, Taku, Tamſui,
6354 6142 7280 6199 Wenchow, Whampoa, Wuchang, Wuhu u. Yentai.
6312 6191 7049 6245 33) b. über Italien oder Frankreich.
6402 6234 7268 6287 c. Zw. † über Rußland nur auf Verlangen
6402 6278 7273 6333 d. über Rußland, oder Zw. † über Italier
6448 6331 6761 6379 oder Frankreich.
6397 6368 7183 6423 e. Zw. † über Italien oder Frankreich.
5156 5802 5680 5846 b. die übrigen Orte Zw. †
5147 5846 5594 5890 1) Britiſch Indien.
782 5865 1602 5909 Inowrazlaw. Bekanntmachung.
835 5906 1832 5955 In unſer Genoſſenſchaftsregiſter iſt bei der unter
790 5953 1504 6003 Nr. 7 eingetragenen Genoſſenſchaft:
829 5996 1796 6046 „Polniſcher Vorſchußverein für die Stadt
791 6042 1832 6093 Inowrazlaw und Umgegend. Eingetragene
1128 6089 1489 6132 Genoſſenſchaft“,
791 6137 1395 6183 Folgendes eingetragen worden:
835 6177 1828 6229 In der außerordentlichen Generalverſammlung
789 6222 1832 6272 vom 13. Dezember 1886 ſind für den Zeitraum
787 6266 1832 6316 vom 1. Januar 1887 bis 31. Dezember 1889 fol⸗
788 6313 1788 6366 gende Perſonen in den Vorſtand gewählt worden:
889 6357 1759 6405 1) Kaufmann Joſef Grosman als Direktor,
887 6402 1709 6455 2) Kaufmann Karl Wituski als Rendant,
890 6447 1831 6498 3) Kaufmann Philipp Niklewski als Controleur.
843 6491 1832 6544 Ferner iſt beſchloſſen, den §. 81 der Statuten
796 6538 1834 6588 dahin zu ändern, daß die Bekanntmachungen des
790 6581 1833 6634 Vereins künftig nur noch im Dziennik Poznański er⸗
797 6635 1051 6679 folgen ſollen.
1673 5853 1827 5906 [48555]
2944 5876 3795 5931 Mülhausen i. E. Bekanntmachung.
2997 5923 4001 5981 Zu der im Geſellſchaftsregiſter hierſelbſt unter
2949 5970 4002 6025 Nr. 125 Band I. eingetragenen Firma: „Soeurs
2946 6016 3996 6070 Aron“ zu Mülhauſen iſt heute, auf Anmeldung,
2949 6064 3696 6120 folgende Eintragung bewirkt worden:
2999 6104 4000 6161 Die Putzhändlerin Pauline Aron, jetzige Ehefrau
2953 6156 4000 6207 Blum, iſt aus der Geſellſchaft ausgetreten. An deren
2954 6196 4007 6250 Stelle iſt ihre Schweſter Henriette Aron, Wittwe
2951 6241 4002 6297 Achilles Picard, Putzhändlerin, dahier wohnend, mit
2949 6293 3612 6343 denſelben Befugniſſen eingetreten.
2999 6333 3908 6388 Mülhauſen i. E., den 24. Dezember 1886.
3210 6380 3749 6427 Der Landgerichts⸗Sekretar:
3376 6429 3544 6470 Stahl.
3846 5875 3998 5923 [48562]
5140 5887 5408 5931 2) Ceylon.
5145 5938 5376 5983 3) China:
5157 5980 5682 6024 a. Amoy, Canton, Foo⸗
5221 6027 5683 6072 Chow (Futſchau), Han⸗
5216 6070 5679 6116 kow, Hoihow (Kiung⸗
5214 6116 5680 6163 Schow), Ningpo, Shang⸗
5225 6162 5529 6205 haï, Swatow.*
5160 6205 5684 6253 b. Peking, Tientſin Zw.
5164 6253 5379 6297 c. Peking.
5161 6298 5550 6341 d. Kalgan, Urga.
5167 6387 5624 6422 e. Alle übrigen Orte.
4360 6387 4817 6434 Redacteur: Riedel.
6315 6453 7266 6521 35) Für Eilſendungen 25 Pf. vorauszubezahlen.
5151 6428 5424 6473 4) Cypern.
4039 6444 4231 6489 Berlin:
4269 6483 4957 6538 Verlag der Expedition (Scholz).
5154 6477 5387 6519 5) Japan.
2950 6516 3807 6567 Mülhausen i. E. Bekanntmachung.
2999 6559 4001 6616 Zu der Band II. Nr. 32 des hieſigen Geſellſchafts⸗
2952 6604 4000 6660 regiſters eingetragenen Kommanditgeſellſchaft auf
3850 6509 4000 6559 [48561]
5154 6520 5499 6566 6) Kambodſcha
5220 6566 5660 6613 (Franz. Schutzgebiet).
4040 6556 5089 6602 Druck der Norddeutſchen Buchdruckerei und Verlags⸗
4108 6600 5022 6647 Anſtalt, Berlin SW., Wilhelmſtraße Nr. 32.
7410 3254 7739 3310 Benennung
7540 3329 7605 3371 der
7472 3393 7670 3439 Länder.
7294 3495 7858 3538 37) Kaſchmir mit Ladakh.
7295 3543 7537 3588 38) Korea.
7328 3584 7851 3637 a. Fuſanpo (Puſan), Gen⸗
7382 3631 7854 3680 zanſhin (Wönſan), Jin⸗
7395 3672 7855 3725 ſen (Chemulpo), Söul
7392 3723 7857 3774 (Sëul), Japaniſche Poſt⸗
7389 3774 7578 3815 anſtalten.
7325 3812 7855 3861 b. Die übrigen Orte Zw. †
7302 3859 7857 3910 39) Mascat (Indiſche Poſt⸗
7390 3909 7548 3949 anſtalt).
7299 3952 7580 3996 40) Perſien.
7299 3997 7533 4044 41) Siam.
7299 4048 7561 4094 42) Tonkin
7390 4088 7824 4139 (Franz. Schutzgebiet).
7299 4133 7856 4183 43) Britiſche Kolonien.
7391 4181 7795 4225 Hongkong, Labuan,
7390 4222 7833 4269 Straits Settlements.*
7303 4269 7857 4325 44) Franzöſ. Kolonien
7392 4318 7757 4363 (bz. Schutzgebiete).
7302 4362 7859 4416 45) Niederländ. Kolonien.
7302 4545 7857 4597 46) Portugieſ. Kolonien.
7303 4636 7859 4686 47) Spaniſche Kolonien.
7471 4687 7693 4729 Afrika.
7302 4733 7607 4777 48) Algerien.
7300 4773 7856 4824 49) Egypten mit Nubien
7393 4823 7755 4864 und dem Sudan.
7297 4868 7656 4909 50) Kongoſtaat.
7299 4906 7579 4955 51) Liberia.
7300 4958 7694 5008 52) Madagascar.
7329 5006 7605 5046 a. Tamatave.
7334 5045 7859 5094 b. Die übrigen Orte Zw. †
7301 5097 7608 5139 53) Marocco.
7338 5137 7860 5186 a. Caſablanca, Larache, Ma⸗
7388 5182 7856 5231 zagan, Mogador, Tanger,
7394 5224 7859 5273 Tetuan, Rabat u. Saffi
7338 5271 7862 5320 b. Die übrigen Orte Zw. †
7305 5323 7593 5369 54) Tripolis
7335 5364 7747 5411 a. Hauptſtadt allein.
7333 5401 7860 5454 b. Die übrigen Orte Zw. †
7303 5457 7546 5505 55) Tunis.
7333 5498 7862 5547 a. Nebenſtehend bezeichnete
7396 5547 7505 5593 Orte.
7331 5588 7858 5633 b. Die übrigen Orte Zw. †
7304 5637 7610 5687 56) Zanzibar.
7334 5685 7537 5728 a. Stadt.
7330 5724 7859 5771 b. Die übrigen Orte Zw.
7303 5771 7839 5812 57) Britiſche Kolonien.
7303 5813 7860 5866 58) Deutſche Schutzgebiete
7390 5862 7859 5907 an der Weſtküſte von
7393 5911 7647 5952 Afrika. Zw.
7411 5948 7863 5998 Togogebiet (mit den
7389 5998 7860 6049 Hafenpl. Bagida, Lome
7389 6042 7861 6090 u. Porto Seguro), Klein⸗
7394 6083 7859 6138 Popo, Kamerun; Biafra⸗
7389 6134 7860 6187 küſte nördlich v. Campo⸗
7388 6178 7482 6232 fluß.
7301 6221 7836 6267 59) Franzöſ. Kolonien.
7302 6262 7858 6310 60) Ital. Beſitzung Aſſab.
7302 6312 7862 6353 61) Portugieſ. Kolonien.
7305 6354 7861 6406 62) Spaniſche Kolonien.
7303 6402 7734 6452 63) Amerika.
7391 6447 7861 6492 Sämmtliche Staaten
7388 6495 7630 6539 u. Inſeln.
7888 3318 8006 3350 Briefe.
7916 3443 7981 3480 Pf.
7908 4856 8014 4906 fran⸗
7928 4908 7999 4949 kirt
7932 4951 7992 4994 20,
7894 4999 8029 5040 unfran⸗
7925 5043 8000 5087 kirt
7932 5091 7990 5130 40
7904 5135 8022 5181 für je
7918 5183 8006 5224 15 g
8048 3296 8125 3327 Poſt⸗
8031 3352 8138 3385 karten.
8061 3441 8117 3475 Pf.
8064 4924 8144 4970 10,
8057 4974 8138 5014 mit
8048 5017 8147 5063 Ant⸗
8049 5063 8150 5109 wort
8066 5109 8131 5151 20
8172 3199 8286 3232 Druck⸗
8176 3234 8278 3268 ſachen,
8160 3269 8295 3301 Waaren⸗
8173 3304 8284 3337 proben,
8197 3338 8263 3369 Ge⸗
8181 3370 8284 3407 ſchäfs⸗
8166 3408 8292 3438 papiere.
8200 3440 8266 3476 Pf.
8217 4687 8264 4735 5
8181 4738 8302 4784 für je
8190 4789 8302 4830 50 g,
8186 4830 8303 4874 Waa⸗
8198 4883 8284 4918 ren⸗
8180 4921 8311 4966 proben
8192 4964 8294 5010 min⸗
8180 5010 8310 5055 deſtens
8219 5055 8281 5100 10,
8202 5100 8283 5145 Ge⸗
8170 5145 8309 5194 ſchäfts⸗
8174 5193 8310 5237 papiere
8194 5239 8285 5279 min⸗
8182 5284 8315 5326 deſtens
8215 5330 8271 5370 20
8334 3276 8418 3311 Ein⸗
8321 3312 8437 3350 ſchreib⸗
8323 3351 8438 3385 gebühr.
8348 3440 8412 3474 Pf.
8363 4916 8436 4961 20,
8336 4962 8445 5007 Rück⸗
8329 5009 8452 5058 ſchein⸗
8335 5058 8462 5103 gebühr
8369 5102 8423 5143 20
8726 3297 9162 3362 Bemerkungen.
8467 3484 8695 3534 37) Zw. †.
8469 3969 9441 4028 41) Für Eilſendungen nach Orten mit Poſt⸗
8557 4021 9245 4072 anſtalten 25 Pf. vorauszubezahlen.
8474 4109 9192 4165 43)* Malacca, Penang, Singapore.
8470 4241 9442 4301 44) Chandernagor, Karikal, Mahé, Pondichery
8516 4295 9114 4342 u. Yanaon, ſowie Cochinchina.
8473 4335 9441 4391 45) Java, Celebes, Borneo, Sumatra, Madura,
8521 4379 9443 4435 Billiton, Banca Archipel, Riouw Archipel,
8518 4423 9447 4483 Bali, Lombock, Sumbava, Flores, ſüdweſtliche
8519 4475 9100 4523 Theil von Timor, Molukken.
8474 4512 9443 4574 46) Daman, Diu, Goa, Macao, der nordöſtliche
8519 4573 8875 4617 Theil von Timor.
8479 4612 9120 4673 47) Sulu⸗Archipel, Philippinen.
8481 5149 9450 5209 55) a. Aïn⸗Draham, le Bardo, Béja (Bedſcha),
8523 5199 9447 5253 Bizerte (Biſert), Dar⸗el⸗Bey, Djerba
8521 5245 9451 5300 (Dſcherba), El⸗Guetta, Ell⸗Haffey, Feriana,
8519 5289 9449 5343 Gabès (Gabes), Gafſa, Ghardimaou, la Gou⸗
8521 5330 9451 5391 lette (la Goletta), Hadjeb⸗el⸗Aïoun, le Kef,
8518 5379 9443 5436 Kerouan (Keruan), Madhiah (Mediah), Ma⸗
8522 5425 9452 5479 nouba, la Marſa, Monaſtir (Miſtir), Oued⸗
8518 5470 9446 5525 Gilma, Ras⸗el⸗Oued, Sfar (Sfaks), Sidi⸗el⸗
8520 5513 9441 5570 Hani, Souk⸗el⸗Arba, Souk⸗el⸗Djemaa, Souſſa
8519 5561 9443 5620 (Suſa), Tabarka, Tunis, Zaghouan (Saghuan)
8521 5615 8936 5659 und Zarzis (Sarſis).
8474 5654 9449 5709 57) Mauritius nebſt Amiranten, Seychellen und
8528 5696 9444 5752 Inſel Rodriguez, Goldküſte, Gambien, Lagos,
8521 5751 8795 5794 Sierra Leone.
8477 5780 9449 5845 58) Nur bei der Beförderung mit den Schiffen der
8523 5834 9453 5887 Wörmann⸗Linie (über Hamburg), auf Verlangen
8520 5875 9449 5933 des Abſenders. Einſchreibſendungen unzuläſſig.
8477 5919 9456 5981 59) Senegal nebſt Zubehör, Mayotte nebſt Zu⸗
8524 5966 9445 6024 behör, Gabun mit Groß⸗Baſſam und Aſſinie,
8522 6010 9441 6064 Réunion, Ste. Marie de Madagascar und Obock.
8478 6052 9451 6117 61) Adjuda, Angola, Azoren, Biſſao, Cacheo, Cap⸗
8523 6098 9446 6161 verdiſche Inſeln, Madeira, Mozambique, Inſel
8524 6153 9087 6203 Principe, Inſel St. Thomé.
8478 6191 9447 6253 62) Beſitzungen an der Nordküſte Afrikas,
8520 6239 9450 6291 Anobom, Canar. Inſeln, Corisco, Fernando⸗Po.
8479 6282 9459 6345 63) Für Eilſendungen nach Buenos⸗Aires, Ro⸗
8526 6327 9449 6384 ſario und La Plata in der Argentiniſchen Re⸗
8521 6370 9451 6431 publik, ſowie nach Chile, Aſſomption in
8527 6415 9451 6475 Paraguay und der Hauptſtadt San Salvador
8520 6466 9285 6519 in Salvador 25 Pf. vorauszubezahlen.
