3765 5174
170 50 1239 95 Sämereien 2388 (2303) — Baumaterialien 261 (273) — Poliermittel
171 85 1246 137 427 (441) — Steinkohlen 1978 (2071) — Koks 644 (618) — Kau⸗
173 121 1244 172 tſchuk, Guttapercha und Gummi aller Art u. dergl. 4106 (2496)
169 158 1243 207 — Chemiſche Produkte uſw. 3819 (3628) — Pflanzenöle und Glyzerin
170 192 1244 239 377 (343) — Gerbſtoffe 457 (372) — Rohe Jute 600 (444) — Baum⸗
171 228 1245 277 wollengarn 1016 (1289) — Wolle, gekämmt, geſponnen und gedreht
168 262 1241 313 3547 (4761) — Farbſtoffe und Farben 3386 (3173) — Roheiſen 54
166 299 1242 349 (30) — Schmiedeeiſen, nicht bearbeitet 437 (473) — Stahl, nicht
168 335 1240 383 bearbeitet 127 (126) — Zinn 423 (313) — Blei 667 (960) — Zink
168 370 1237 421 988 (705) — Papiermaſſe 167 (145) — Tiſchler⸗ und Drechſlerarbeiten
170 411 1238 455 507 (548) — Töpfer⸗ und Tonwaren 261 (248) — Fayence und
169 444 1239 493 Porzellanwaren 355 (470) — Glaswaren 379 (378) — Guttapercha⸗
167 484 1235 527 waren 244 (261) — Fabrikate aus Kupfer und deſſen Legierungen
170 517 1233 564 1337 (1537) — Gußeiſenwaren 456 (490) — Schmiedeeiſen⸗ und
167 552 1236 599 Stahlwaren 1688 (1449) — Blechwaren 1000 (995) — Draht aller
168 588 1234 635 Art 714 (549) — Drahtfabrikate 767 (730) — Maſchinen und
167 624 1235 670 Apparate 15 293 (13 171) — Uhrwaren 544 (692) — Muſikinſtrumente
167 660 1232 704 1023 (1350) — Equipagen 753 (882) — Schreibpapier 1724 (1636)
168 699 713 740 — Baumwollenwaren 1697 (1711).
237 736 1235 778 Ausfuhr: Weizen 5312 (3863) — Roggen 4715 (9894) —
166 767 1234 814 Gerſte 12 742 (12 730) — Hafer 818 (3569) — Mais 1120 (626) —
165 802 1234 849 Erbſen 285 (563) — Faſeolen, Bohnen, Linſen u. dgl. 109 (220) — Kleie
164 840 1234 884 und andere Abfälle der Müllerei 6491 (6997) — Eier 8980 (8878) —
165 874 1237 920 Sandzucker 68 (113) — Tannen⸗ und Fichtenſtämme 5222 (5193) —
164 910 1233 956 Bretter 1453 (1315) — Leinſaat 423 (766) — Raps und Rübſen
163 944 1235 990 193 (233) — Leinkuchen 1213 (1038) — Flachs 5099 (9066) —
166 980 1233 1027 Flachsheede 1134 (1352) — Hanf 2976 (3190) — Hanfheede 292 (298)
164 1021 1232 1064 — Rauchwaren 5043 (3262) — Häute aller Art 4254 (2474) —
164 1051 1228 1098 Borſten, unbearbeitet 2396 (1827) — Wolle, unbearbeitet 571 (289)
161 1092 1227 1136 — Manganerze 402 (208) — Platina 462 (98) — Naphthaleuchtöle
160 1125 1226 1171 1412 (1031) — Schmieröl, ungereinigtes 522 (113) und gereinigtes
162 1157 1228 1207 865 (1119) — Lebendes Geflügel 607 (688) — Geſchlachtetes Geflügel
161 1198 1225 1244 und Wild 352 (211) — Eber, Schweine und Ferkel 1485 (1503)
156 1236 1226 1279 — Pferde 1188 (2860) — Waren aus Guttapercha und Gummi⸗
159 1269 450 1316 elaſtikum 85 (129).
823 1278 1191 1315 (Wjestnik Finansow.)
159 1384 1225 1434 Gold⸗ und Silberproduktion der Vereinigten Staaten
180 1429 1194 1471 von Amerika im Jahre 1903 und die Weltproduktion.
227 1471 1224 1514 Der Direktor der Münze zu Waſhington hat vor kurzem eine
155 1497 1223 1551 Berechnung der Gold⸗ und Silbergewinnung in den Vereinigten
156 1536 1222 1587 Staaten von Amerika und in der Welt während des Kalenderjahres
156 1572 1222 1624 1903 veröffentlicht. Hiernach hat die Erzeugung von Gold und Silber
153 1608 1221 1658 in der Union eine Abnahme erfahren, während die Weltproduktion
152 1642 569 1694 dieſer Metalle geſtiegen iſt.
223 1688 1223 1730 Die Goldproduktion der Vereinigten Staaten belief ſich
150 1714 1220 1767 im Jahre 1903 auf 73 591 700 Doll. gegen 80 000 000 Doll. im
152 1756 1223 1802 vorhergehenden Jahre. Die Minderausbeute iſt zu ſehr großem Teile
153 1786 1220 1840 dem Rückgang der Produktion in Colorado zuzuſchreiben, wo Gold
151 1820 1219 1874 im Werte von nur 22 540 000 Doll. gewonnen wurde gegen
147 1857 672 1910 28 468 700 Doll. im Jahre 1902.
220 1901 1219 1946 Die Silberproduktion der Union ſtellte ſich auf 54 300 000
149 1928 1219 1983 Feinunzen mit einem Handelswerte von 29 322 000 Doll., während
148 1966 1218 2020 ſie im Jahre 1902 55 500 000 Feinunzen im Werte von 29 415 000
149 1999 378 2052 Dollars betrug.
221 2044 1215 2088 Die Goldproduktion der Welt bewertete ſich im Jahre 1903
149 2072 1215 2124 auf 325 527 200 Doll. (1902 auf 295 889 600 Doll.) Der Geſamt⸗
147 2111 1216 2161 wert des in der ganzen Welt gewonnenen Silbers betrug in der
150 2140 1216 2194 gleichen Zeitperiode 92 039 600 Doll. (1902: 88 486 500 Doll.); der
150 2177 1218 2229 Menge nach war die Ausbeute 170 443 670 Feinunzen (1902:
150 2211 1218 2265 166 955 639 Feinunzen). Das ſtärkſte Anwachſen der Silbergewin⸗
148 2249 1217 2303 nung iſt in Mexiko mit einem Mehr von 10 323 338 Feinunzen zu
146 2284 437 2340 verzeichnen geweſen.
217 2329 1217 2373 Für die hauptſächlich in Betracht kommenden Länder wies die
150 2349 1215 2410 Produktion der genannten beiden Edelmetalle die folgenden Werte auf:
353 2424 497 2458 Länder
741 2409 848 2441 Gold
712 2442 874 2476 Wert in $
960 2409 1102 2440 Silber
909 2444 1161 2482 Handelswert in $
181 2460 432 2511 Nordamerika:
280 2513 577 2548 Vereinigte Staaten
713 2515 874 2547 73 591 700
944 2517 1108 2549 29 322 000
280 2547 391 2585 Mexiko
714 2552 874 2584 10 677 500
946 2552 1108 2586 38 070 000
280 2585 396 2617 Canada
714 2587 876 2619 18 834 500
965 2588 1110 2622 1 700 800
169 2602 293 2651 Afrika
712 2624 874 2653 67 998 100
990 2621 1108 2655 185 300
171 2643 366 2686 Auſtralien
710 2657 874 2687 89 210 100
962 2655 1105 2689 5 228 700
168 2676 322 2721 Europa:
272 2714 408 2747 Rußland
705 2720 868 2750 24 632 200
1004 2726 1102 2754 82 000
275 2747 553 2782 Oeſterreich⸗Ungarn
722 2751 868 2784 2 245 100
981 2756 1102 2787 877 000
275 2782 498 2815 Deutſchland
766 2786 894 2821 70 600*)
957 2785 1127 2826 3 144 100*)
274 2816 408 2849 Spanien
783 2818 867 2850 5 400
955 2819 1099 2852 2 209 100
273 2850 427 2886 Frankreich
775 2855 813 2882 —
979 2856 1097 2884 403 600
274 2884 509 2924 Großbritannien
765 2885 863 2920 77 300
998 2886 1099 2920 79 000
165 2918 415 2950 Südamerika:
272 2949 407 2985 Bolivien
782 2954 865 2984 1 000
950 2953 1095 2985 4 843 600
274 2984 361 3017 Chile
746 2992 864 3022 666 900
951 2989 1093 3022 1 402 600
273 3019 423 3053 Columbia
719 3026 861 3059 2 724 400
976 3026 1092 3055 609 500
272 3054 416 3088 Braſilien
718 3062 861 3096 2 274 200
1000 3062 1039 3090 —
269 3084 541 3136 Britiſch⸗Guayana
719 3096 861 3137 1 611 300
1003 3099 1038 3129 —
1002 3136 1039 3163 —
271 3115 580 3176 Franzöſiſch⸗Guayana
718 3137 860 3170 2 101 500
270 3150 346 3191 Peru
743 3171 859 3207 592 600
976 3169 1091 3200 943 200
164 3187 463 3230 Zentralamerika
720 3207 864 3246 1 875 300
949 3206 1091 3241 1 142 700
163 3223 281 3260 Aſien:
269 3263 366 3298 Japan
713 3280 860 3314 2 002 700
976 3278 1091 3309 292 900
267 3298 362 3337 China
717 3319 860 3354 7 324 700
1018 3319 1055 3346 —
269 3335 360 3366 Korea
714 3355 860 3390 3 000 000
1019 3357 1056 3380 —
269 3371 508 3414 Britiſch⸗Indien
703 3390 861 3427 11 428 900
1017 3391 1058 3417 —
195 3410 1198 3472 *) Nach der Deutſchen Statiſtik betrug die Gold⸗ und Silber⸗
124 3450 1197 3510 gewinnung aus inländiſchen Erzen 106 kg und 180 374 kg im Durch⸗
120 3487 793 3544 ſchnittswerte von 2789,21 ℳ und 72,93 ℳ
401 3535 1160 3583 (The Journal of Commerce and Commercial
605 3583 947 3624 Bulletin, New York.)
476 3695 845 3750 Auſtraliſcher Bund.
189 3742 1191 3789 Aenderung des Zollgeſetzes. Der Handels⸗ und Zoll⸗
121 3772 1194 3829 miniſter hat unterm 16. Juni d. J. nachfolgende ergänzende Aus⸗
121 3803 1189 3867 führungsbeſtimmungen (Statutory Rules, No. 25 of 1904) zum Zoll⸗
119 3838 1040 3900 geſetz erlaſſen, die am 1. Juli d. J. in Kraft getreten ſind:
187 3882 1107 3937 Zu Ziffer 52 — Einfuhr von Buttererſatzmitteln:
187 3921 1189 3969 Oleomargarine, Butterin oder ähnliche Erſatzſtoffe für Butter
116 3942 1187 4005 dürfen, falls ihnen nicht durch genügende Beimiſchung von Alkanna⸗
113 3985 1187 4043 wurzel eine unterſchiedliche, blaßrote Färbung gegeben und auf jeder
115 4016 1188 4078 Umſchließung die Bezeichnung der darin enthaltenen Ware nicht deutlich
113 4052 720 4115 eingebrannt iſt, nicht eingeführt werden.
195 4101 1184 4142 Zu Ziffer 53 — Größe der Behälter bei der Einfuhr
110 4124 668 4182 von Spirituoſen, Tabak uſw.:
178 4167 1180 4221 Spirituoſen, Opium, Tabak, Zigarren, Zigaretten und Schnupf⸗
110 4192 1182 4255 tabak dürfen nur in Verpackungen eingeführt werden, die mindeſtens
109 4235 255 4274 enthalten:
180 4274 761 4325 Spirituoſen (weder parfümierte noch
213 4313 555 4361 mediziniſche) in Kiſten
766 4321 942 4357 2 Gallonen
175 4348 442 4391 desgl., in Fäſſern
766 4359 886 4391 5 „
176 4382 282 4423 Opium
747 4387 1088 4426 20 Pfund Reingewicht
175 4417 434 4459 Tabak, bearbeitet
749 4426 1015 4462 20 „ „
174 4452 377 4490 Schnupftabak
747 4457 1008 4496 10 „ „
173 4490 304 4526 Zigarren
747 4495 1005 4529 20 „ „
173 4523 326 4560 Zigaretten
744 4529 1005 4565 20 „ „
170 4566 1170 4609 Die Einfuhr in kleineren Mengen darf nur erfolgen, wenn der
99 4594 1169 4643 Zoll ſofort gezahlt wird und wenn der Kollektor, nachdem er ſich
94 4632 1168 4676 davon überzeugt, daß die betreffenden Waren nur als Muſter, zum
96 4664 1166 4712 perſönlichen Gebrauch des Einführers oder zu Heilzwecken dienen
95 4700 1165 4746 ſollen oder Ueberreſte von Schiffsproviant ſind, hierzu die Ge⸗
96 4738 435 4777 nehmigung erteilt hat.
165 4772 1164 4816 Zu Ziffer 54 — Vorſchriften über die Beſchaffenheit
93 4804 776 4848 des zur Einfuhr zuzulaſſenden Tees.
1366 61 2349 104 Tee, der hinſichtlich ſeiner Zuſammenſetzung und Reinheit nicht
1296 97 2348 139 den nachſtehend feſtgelegten Verhältniswerten entſpricht, iſt als zum
1296 133 1947 169 menſchlichen Genuß ungeeignet¹) anzuſehen.
1365 168 2346 211 Für die chemiſche Unterſuchung iſt der Tee in getrocknetem Zu⸗
1294 203 2346 247 ſtande bei einer Temperatur von 212 Grad (Fahrenheit) zu verwenden,
1293 239 2346 280 alsdann zu zerſtoßen und vollſtändig mit kochendem, deſtilliertem
1295 276 1594 311 Waſſer auszulaugen.
1361 310 1974 350 Zu Ziffer 150 — Zollfreie Proben:
1362 346 2345 386 Von nachſtehend genannten Waren der Schiffsladung können
1290 377 2191 420 zollfreie Proben in folgendem Umfange entnommen werden:
1359 416 2012 455 Wein oder Spirituoſen in Fäſſern:
1361 451 2343 494 Bei Fäſſern von 20 Gallonen und darunter 1 Viertelpinte (gill), ²)
1288 489 2342 528 bei Fäſſern von über 20 Gallonen, und zwar für die erſten 50 Fäſſer
1287 524 2341 563 je 2 Viertelpinten für 1 Faß, und für jedes weitere Faß 1 Viertel⸗
1286 559 2343 600 pinte, mit der Maßgabe, daß auf die ganze Ladung nicht mehr wie
1286 594 2341 637 4 Gallonen gewährt werden. Doppel⸗ und weitere Proben ſind
1286 629 1461 668 zollpflichtig.
1356 667 2014 704 Wein und Spirituoſen in Flaſchen:
1357 703 2343 742 Für jede nicht über 100 Kiſten betragende Ladung 1 Flaſche, und
1285 737 2344 777 für weitere 100 Kiſten je 1 Flaſche, jedoch mit der Maßgabe, daß die
1285 773 2344 812 Menge der entnommenen Proben nicht mehr als eine halbe Kiſte auf
1285 810 2340 848 die Geſamtladung betragen darf. Bei Sendungen unter 10 Kiſten iſt
1284 845 1987 882 die Entnahme zollfreier Proben nicht geſtattet.
1354 877 1692 916 Tabak, bearbeitet:
1354 914 2339 954 Ein Viertelpfund auf jede Verpackung im Gewicht von 150 bis
1283 951 1452 990 200 Pfund.
1352 987 1765 1025 Tabak, unverarbeitet:
1354 1024 1909 1062 Nicht mehr als 1 Pfund auf Tierce.
1352 1060 2340 1097 Von dem unter Zollverſchluß lagernden Tabak können zollfrei
1280 1096 2336 1133 entnommen werden: 4 Unzen von jeder Verpackung unter 100 Pfund
1278 1129 2336 1168 und je 4 Unzen für weitere 100 Pfund, jedoch im ganzen nicht mehr
1280 1165 1478 1205 als 2 Pfund.
1350 1203 1823 1241 Zigarren und Zigaretten:
1351 1238 2333 1276 Ein Viertelpfund auf jede Verpackung im Gewicht von 40 Pfund
1278 1274 2336 1312 und darüber, jedoch im ganzen nicht mehr als 1 ½ Pfund auf die
1277 1310 1443 1349 Warenpoſt.
1781 1309 2302 1349 (The Board of Trade Journal.)
1593 1453 2020 1491 Konkurſe im Auslande.
1710 1507 1909 1539 Rumänien.
1346 1548 2333 1594 Fallite Firma: Aizig Schwartz. Domizil der Firma: Galatz,
1275 1584 2332 1625 Str. Traian. Anmeldung der Forderungen bis: 28. Oktober/10. No⸗
1276 1624 2333 1662 vember 1904. Verifikation der Forderungen am: 30. Oktober/12. No⸗
1275 1663 1475 1697 vember 1904.
1584 1749 2025 1788 Zwangsverſteigerungen.
1347 1793 2337 1832 Beim Königlichen Amtsgericht I Berlin ſtand das
1275 1828 2333 1870 Grundſtück Warſchauer Straße, dem Kaufmann Kurt Chales
1273 1865 2333 1906 de Beaulieu gehörig, zur Verſteigerung. 42,22 a. Mit dem
1274 1900 2335 1940 Gebot von 872 000 ℳ bar blieb der Steinſetzmeiſter, Kommerzienrat
1272 1935 2119 1978 Winterhelt zu Milkenberg am Main Meiſtbietender.
1358 2051 2243 2094 Tägliche Wagengeſtellung für Kohlen und Koks
1483 2085 2120 2124 an der Ruhr und in Oberſchleſien.
1341 2132 2331 2173 An der Ruhr ſind am 5. d. M. geſtellt 19 740, nicht recht⸗
1269 2167 1656 2208 zeitig geſtellt 471 Wagen.
1337 2201 2330 2242 In Oberſchleſien ſind am 4. d. M. geſtellt 6902, nicht recht⸗
1273 2238 2249 2283 zeitig geſtellt 26 Wagen; am 5. d. M. 6611 bezw. 442 Wagen.
1339 2360 2332 2399 Die Lieferung von Roſtſtäben aus Gußeiſen wird von
1268 2397 2331 2438 der Preußiſchen Staatseiſenbahnverwaltung am Montag,
1268 2434 2332 2474 den 14. November d. J., vergeben. Angebotsbogen und Lieferungs⸗
1269 2471 2334 2510 bedingungen können von Intereſſenten im Verkehrsbureau der Berliner
1269 2505 1791 2547 Handelskammer eingeſehen werden.
1343 2544 2334 2582 — In Aequatorial⸗Braſilien machen ſich jetzt nach Ueber⸗
1269 2578 2335 2620 windung der Gummikriſis überall Kennzeichen neuen wirtſchaftlichen
1266 2615 2338 2653 Aufſchwunges bemerkbar. Ueber die deutſchen Handels⸗
1267 2648 2332 2687 beziehungen und die gangbarſten Waren ſind der Berliner Handels⸗
1266 2683 2333 2721 kammer ausführliche vertrauliche Mitteilungen zugegangen, die im
1264 2717 2147 2755 Verkehrsbureau der Kammer zur Einſichtnahme ausliegen.
1331 2751 2327 2786 — Das für Ecuador gegebene und bereits in Kraft getretene
1262 2780 2324 2820 neue Zollgeſetz liegt mit dem zugehörigen Zolltarif im Verkehrs⸗
1260 2817 2325 2854 bureau der Korporation der Kaufmannſchaft von Berlin, Neue
1258 2851 1828 2886 Friedrichſtraße 54 I, zur Einſicht aus.
1323 2883 2321 2920 — Von dem Berliner Pfandbriefinſtitut ſind bis Ende
1256 2916 2318 2955 Oktober 1904: 19 138 800 ℳ 3 ½ % ige, 21 796 500 ℳ 4 % ige,
1254 2950 2320 2989 45 927 300 ℳ 4 ½ % ige, 9 765 600 ℳ 5 % ige alte Berliner Pfandbriefe
1255 2979 2317 3024 und 17 023 400 ℳ 3 % ige, 102 433 000 ℳ 3 ½ % ige, 37 240 200 ℳ
1253 3015 2314 3055 4 % ige neue Berliner Pfandbriefe, zuſammen 253 324 800 ℳ Pfand⸗
1254 3050 2313 3091 briefe ausgegeben worden, wovon noch 7 088 700 ℳ 3 ½ % ige,
1253 3085 2314 3128 6 287 100 ℳ 4 % ige, 5 255 100 ℳ, 4 ½ % ige, 1 269 600 ℳ 5 % ige
1251 3117 2313 3158 alte Berliner Pfandbriefe und 14 558 200 ℳ 3 % ige, 97 146 100 ℳ
1251 3154 2311 3193 3 ½ % ige, 34 939 800 ℳ 4 % ige neue Berliner Pfandbriefe, zuſammen
1252 3189 2309 3227 166 544 600 ℳ Pfandbriefe von den Grundſtückseigentümern zu ver⸗
1250 3224 2311 3266 zinſen ſind. — In der Zeit vom 1. November 1902 bis 31. Oktober
1252 3260 2308 3300 1904 ſind 350 Grundſtücke mit einem Feuerkaſſenwerte von
1252 3293 2309 3335 62 654 525 ℳ zur Beleihung mit neuen Berliner Pfandbriefen ange⸗
1250 3329 2307 3373 meldet worden. Von den darauf erfolgten Zuſicherungen im
1249 3365 2309 3410 Betrage von 55 857 200 ℳ ſind 24 739 400 ℳ noch nicht abgehoben
1250 3412 1361 3443 worden.
1317 3433 2306 3480 — In der vorgeſtrigen Aufſichtsratsſitzung der Allgemeinen
1251 3470 2307 3519 Elektrizitäts⸗Geſellſchaft Berlin wurde, laut Meldung des
1249 3504 2304 3554 „W. T. B.“, ſeitens des Vorſtandes über das Ergebnis des Geſchäfts⸗
1248 3539 2305 3591 jahres vom 1. Juli 1903 bis zum 30. Juni 1904 Bericht erſtattet.
1252 3573 2303 3624 Nach Abzug von Handlungsunkoſten, Steuern, Obligationszinſen und
1248 3611 2302 3661 Abſchreibungen im Betrage von 3 307 164,81 ℳ ſtehen 8 566 622,93 ℳ
1246 3646 2301 3698 (im Vorjahr 5 624 385,15 ℳ) zur Verfügung. Der auf den 8. Dezember
1248 3679 2300 3730 d. J., Vormittags 10 Uhr, einzuberufenden ordentlichen Generalver⸗
1248 3717 2299 3766 ſammlung wird die Verteilung einer Dividende von 9 % (im Vor⸗
1244 3750 2299 3802 jahre 8 %) vorgeſchlagen werden. Die Abſchreibungen ſind nach
1243 3785 2298 3834 bisherigen Gepflogenheiten bemeſſen. Die Umſätze in den erſten drei
1242 3823 2296 3868 Monaten des laufenden Geſchäftsjahres, zuzüglich der vorliegenden
1244 3857 2296 3907 Aufträge, beliefen ſich auf 123 Millionen gegen 87 Millionen im
1241 3907 1381 3942 Vorjahre.
1307 3927 2299 3973 — Der Aufſichtsrat der Portland⸗Zementfabrik Teutonia
1238 3964 2297 4012 in Hannover genehmigte, laut Meldung des „W. T. B.“ aus
1237 3997 2294 4048 Hannover, am 5. d. M. den von der Verwaltung mit der Ver⸗
1234 4035 2292 4083 kaufsvereinigung der hannoverſchen und braunſchweigiſchen Zement⸗
1235 4075 1726 4120 fabriken abgeſchloſſenen Vertrag.
1306 4103 2294 4149 — Der Eſchweiler Bergwerksverein erzielte im erſten Viertel
1234 4138 2292 4184 des Geſchäftsjahres 1904/05 nach Abzug aller Verwaltungskoſten ꝛc.
1233 4176 2291 4220 einen Betriebsgewinn von 931 789,82 ℳ. gegenüber 965 958,01 ℳ. im
1232 4215 1640 4260 gleichen Zeitraum 1903/04.
1297 4245 2291 4290 — Laut Meldung des „W. T. B.“ betrugen die Einnahmen der
1231 4279 2295 4331 Oeſterreichiſch⸗Ungariſchen Staatsbahn (öſterreichiſches Netz)
1230 4317 2292 4366 vom 1. bis 31. Oktober: 6 133 631 Kronen (362 928 Kronen weniger
1228 4352 2289 4398 als i. V.), der Oeſterreichiſchen Südbahn vom 1. bis 31. Ok⸗
1228 4389 2291 4438 tober: 10 382 765 Kronen (476 391 Kronen weniger als i. V.). —
1226 4423 2292 4474 Die Einnahmen der Italieniſchen Mittelmeerbahn betrugen in
1225 4460 2288 4508 der dritten Oktoberdekade im Hauptnetz mehr 100 767 Lire, im Er⸗
1224 4495 2137 4541 gänzungsnetz mehr 6473 Lire, zuſammen mehr 107 240 Lire.
1293 4530 2288 4580 New York, 5. November. (W. T. B.) In der abgelaufenen
1222 4566 2289 4616 Woche wurden 5 320 000 Dollars Gold nach Frankreich und 10 000
1291 4686 2291 4746 ¹) Zum menſchlichen Genuß nicht geeigneter Tee iſt nach
1219 4723 2112 4776 Ziffer 52e des Zollgeſetzes von der Einfuhr auszuſchließen.
1286 4766 2284 4825 ²) 1 Gallone (= 4,543 l) hat 32 Gills (1 Gill oder Viertel⸗
1214 4805 1487 4847 pinte = 0,142 l).
2402 68 3470 122 Dollars Gold nach anderen Ländern ausgeführt. Die Goldein⸗
2401 107 3470 161 fuhr betrug 208 000 Dollars. Die Silberausfuhr belief ſich auf
2402 138 3198 187 277 000 Dollars, die Einfuhr auf 27 000 Dollars.
2472 179 3469 227 New York, 5. November. (W. T. B.) Der Wert der in der
2400 214 3466 268 vergangenen Woche eingeführten Waren betrug 10 700 000 Doll.
2396 247 3469 301 gegen 10 990 000 Doll. in der Vorwoche, davon für Stoffe 2 410 000
2399 283 3107 329 Doll. gegen 2 120 000 Doll. in der Vorwoche.
2588 429 3270 473 Kursberichte von den Fondsmärkten.
2469 479 3463 528 Hamburg, 5. November. (W. T. B.) (Schluß.) Gold in
2398 513 3461 565 Barren: das Kilogramm 2790 Br., 2784 Gd., Silber in Barren:
2397 550 2981 593 das Kilogramm 79,25 Br., 78,75 Gd.
2467 586 3459 638 Wien, 7. November, Vorm. 10 Uhr 50 Min. (W. T. B.)
2398 619 3461 673 Einh. 4 % Rente M.⸗N. p. Arr. 100,05, Oeſterr. 4 % Rente
2396 656 3458 708 in Kr.⸗W. per ult. 99,95, Ungar. 4 % Goldrente 118,90, Ungar.
2395 691 3458 744 4 % Rente in Kr.⸗W. 98,05, Türkiſche Loſe per M. d. M. 132,00,
2395 727 3457 775 Buſchtierader Eiſenb.⸗Aktien Lit. B —,—, Nordweſtbahnaktien Lit. B
2394 764 3457 814 per ult. —,—, Oeſterr. Staatsbahn per ult. 654,50, Südbahn⸗
2395 798 3456 849 geſellſchaft 88,50, Wiener Bankverein 547,50,. Kreditanſtalt, Oeſterr.
2394 835 3456 886 per ult. 671,25, Kreditbank, Ung. allg. 791,00, Länderbank 449,00,
2395 867 3456 921 Brüxer Kohlenbergwerk —,—, Montangeſellſchaft, Oeſterr. Alp.
2396 903 3160 953 486,50, Deutſche Reichsbanknoten per ult. 117,50.
2464 941 3457 993 London, 5. November. (W. T. B.) (Schluß.) 2 ¾ % Eg.
2393 972 3458 1032 Konſ. 87 ¾, Platzdiskont 3, Silber 26 ¾. — Bankausgang 200 000
2394 1009 2566 1049 Pfd. Sterl.
2463 1048 3457 1100 Paris, 5. November. (W. T. B.) (Schluß.) 3 % Franz.
2392 1080 2935 1123 Rente 98,20, Suezkanalaktien 4493.
2462 1119 3456 1170 Madrid, 5. November. (W. T. B.) Wechſel auf Paris 36,825.
2463 1154 3309 1204 Liſſabon, 5. November. (W. T. B.) Goldagio 19.
2462 1190 3455 1240 New York, 5. November. (Schluß.) (W. T. B.) Bei ein⸗
2392 1226 3455 1276 geengtem Verkehr eröffnete die Börſe in ruhiger Veranlagung. Die
2392 1261 3456 1313 Erwartung, daß der Bankausweis Enttäuſchung bereiten werde, rief
2390 1295 3454 1348 anfangs größere Neigung hervor, die erzielten Gewinne ſicherzuſtellen.
2390 1331 3454 1382 Da aber keine die Börſe in ungünſtigem Sinne beeinfluſſenden
2390 1366 3454 1419 Motive vorlagen, blieb die Grundſtimmung gut behauptet. Konjunktur⸗
2390 1403 3453 1457 berichte aus der Stahl⸗ und Kupferinduſtrie halfen den in Betracht
2389 1438 3451 1490 kommenden Werten ſpäterhin dazu, einen Teil der anfangs erlittenen
2390 1474 3451 1527 Verluſte zurückzugewinnen. Für die Aktien der Pennſylvania⸗Bahn
2389 1510 3452 1561 herrſchte gute Meinung. Der gegen Schluß bekanntwerdende Bank⸗
2389 1547 3451 1595 ausweis übertraf die Erwartungen und begünſtigte eine weitere Er⸗
2389 1581 3455 1627 holung. Die Schlußtendenz war ſchwächer. Aktienumſatz 420 000 Stück. —
2389 1618 3454 1670 Geld auf 24 Stunden Durchſchnittszinsrate nom., do. Zinsrate für
2388 1653 3453 1707 letztes Darlehn des Tages nom., Wechſel auf London (60 Tage)
2388 1690 3452 1739 4,83,70, Cable Transfers 4,86,75, Silber Commercial Bars 58.
2387 1722 2778 1763 Tendenz für Geld: Leicht.
2459 1757 3452 1810 Die Börſe bleibt am Dienstag, den 8. d. M., wegen der Wahlen
2388 1793 2543 1834 geſchloſſen.
2456 1832 3451 1879 Rio de Janeiro, 5. November. (W. T. B.) Wechſel auf
2387 1863 2611 1906 London 12 17⁄32.
2568 2004 3264 2040 Kursberichte von den Warenmärkten.
2463 2057 3448 2101 Produktenmarkt. Berlin, den 7. November. Die amtlich
2390 2091 3448 2136 ermittelten Preiſe waren (per 1000 kg) in Mark: Weizen,
2386 2126 3448 2170 märkiſcher und havelländer 175,00 — 175,50 ab Bahn, Normalgewicht
2386 2163 3448 2205 755 g 177,75 — 178 — 177,75 Abnahme im Dezember, do. 183 bis
2386 2197 3446 2243 183,25 Abnahme im Mai 1905, do. 183,50 — 183,75 — 183,50 Abnahme
2386 2233 3294 2274 im Juli 1905 mit 2 ℳ Mehr⸗ oder Minderwert. Matter.
2456 2272 3446 2319 Roggen, märkiſcher 139 ab Bahn, Normalgewicht 712 g
2387 2306 3448 2349 141,75 — 142 — 141,75 Abnahme im Dezember, do. 146,75 — 147 bis
2386 2341 3446 2388 146,75 Abnahme im Mai 1905 mit 1,50 ℳ Mehr⸗ oder Minder⸗
2386 2379 2591 2420 wert. Ruhig.
2458 2419 3446 2462 Hafer, pommerſcher, märkiſcher, mecklenburger, preußiſcher,
2389 2455 3447 2497 poſener, ſchleſiſcher feiner 153 — 163 frei Wagen, pommerſcher, mär⸗
2390 2488 3448 2533 kiſcher, mecklenburger, preußiſcher, poſener, ſchleſiſcher mittel 147 bis
2390 2529 3449 2569 152 frei Wagen, pommerſcher, märkiſcher, mecklenburger, preußiſcher,
2387 2564 3458 2608 poſener, ſchleſiſcher geringer 142 — 146 frei Wagen, ruſſiſcher 137 bis
2392 2599 3450 2644 145 frei Wagen, Normalgewicht 450 g 140 Abnahme im Dezember,
2387 2635 3454 2676 do. 141 — 141,25 Abnahme im Mai 1905 mit 2 ℳ Mehr⸗ oder
2388 2670 2677 2707 Minderwert. Feſt.
2454 2706 3446 2743 Mais, runder 121 — 124 frei Wagen, amerikan. Mixed 134
2382 2734 3407 2778 bis 135 frei Wagen, türkiſcher Mixed 130 — 131 frei Wagen. Feſt.
2451 2770 3381 2813 Weizenmehl (p. 100 kg) Nr. 00 21,50 — 23,75. Ruhig.
2448 2802 3441 2851 Roggenmehl (p. 100 kg) Nr. 0 u. 1 17,10 — 18,30. Ruhig.
2450 2836 3440 2883 Rüböl für 100 kg mit Faß 44,10 — 43,90 — 44 Abnahme im
2371 2868 3441 2920 laufenden Monat, do. 44,30 — 44,10 — 44,20 Abnahme im Dezember,
2372 2903 3175 2946 do. 45 — 44,90 — 45 Abnahme im Mai 1905. Still.
2439 3031 3439 3083 Berlin, 5. November. Marktpreiſe nach Ermittelungen des
2368 3062 3435 3121 Königlichen Polizeipräſidiums. (Höchſte und niedrigſte Preiſe.) Der
2367 3099 3438 3151 Doppelztr. für: Weizen, gute Sorte †) 17,60 ℳ; 17,58 ℳ —
2370 3131 3432 3188 Weizen, Mittelſorte †) 17,56 ℳ; 17,54 ℳ — Weizen, geringe Sorte †)
2366 3169 3431 3222 17,52 ℳ; 17,50 ℳ — Roggen, gute Sorte †) 13,95 ℳ; 13,93 ℳ
2364 3204 3431 3260 — Roggen, Mittelſorte †) 13,91 ℳ; 13,89 ℳ — Roggen, geringe
2366 3239 3427 3291 Sorte †) 13,87 ℳ; 13,85 ℳ — Futtergerſte, gute Sorte*) 15,70 ℳ;
2363 3274 3428 3328 14,50 ℳ — Futtergerſte, Mittelſorte*) 14,40 ℳ; 13,20 ℳ —
2363 3306 3429 3364 Futtergerſte, geringe Sorte*) 13,10 ℳ; 12,00 ℳ — Hafer, gute
2363 3343 3430 3400 Sorte*) 16,40 ℳ; 15,60 ℳ — Hafer, Mittelſorte*) 15,50 ℳ;
2363 3379 3425 3438 14,70 ℳ — Hafer, geringe Sorte*) 14,60 ℳ; 13,80 ℳ — Richt⸗
2360 3413 3427 3473 ſtroh 5,00 ℳ; 4,50 ℳ — Heu 8,90 ℳ; 7,40 ℳ — Erbſen, gelbe
2358 3450 3429 3509 zum Kochen 40,00 ℳ; 30,00 ℳ — Speiſebohnen, weiße 50,00 ℳ;
2360 3485 3427 3542 30,00 ℳ — Linſen 60,00 ℳ; 30,00 ℳ — Kartoffeln 9,00 ℳ;
2359 3516 3427 3577 7,00 ℳ — Rindfleiſch von der Keule 1 kg 1,80 ℳ; 1,20 ℳ —
2356 3554 3427 3616 dito Baufleiſch 1 kg 1,40 ℳ; 1,10 ℳ — Schweinefleiſch 1 kg
2355 3587 3428 3655 1,60 ℳ; 1,10 ℳ — Kalbfleiſch 1 kg 2,00 ℳ; 1,20 ℳ — Hammel⸗
2356 3624 3427 3688 fleiſch 1 kg 1,80 ℳ; 1,10 ℳ — Butter 1 kg 2,80 ℳ; 2,00 ℳ —
2357 3658 3426 3726 Eier 60 Stück 4,50 ℳ; 3,00 ℳ — Karpfen 1 kg 2,20 ℳ; 1,20 ℳ
2352 3695 3426 3760 — Aale 1 kg 2,80 ℳ; 1,60 ℳ — Zander 1 kg 3,20 ℳ; 1,20 ℳ
2354 3732 3426 3796 — Hechte 1 kg 2,00 ℳ; 1,00 ℳ — Barſche 1 kg 1,80 ℳ; 0,80 ℳ
2348 3766 3425 3833 — Schleie 1 kg 3,00 ℳ; 1,40 ℳ — Bleie 1 kg 1,40 ℳ; 0,80 ℳ
2346 3804 2959 3853 — Krebſe 60 Stück 16,00 ℳ; 3,00 ℳ
2422 3838 2626 3881 †) Ab Bahn.
2422 3874 2887 3924 *) Frei Wagen und ab Bahn.
2422 4011 3424 4078 Berlin, 5. November. Bericht über Speiſefette von
2349 4044 3424 4113 Gebr. Gauſe. Butter: Die Zufuhren zeigten eine ſtarke Zunahme,
2346 4081 3423 4147 und es wurde bis Ende der Woche nicht alles geräumt. Nur aller⸗
2349 4117 3422 4181 feinſte Qualitäten konnten ſich im Preiſe behaupten, während ab⸗
2347 4153 3423 4220 weichende Qualitäten ſehr billig angeboten werden. Die heutigen
2349 4188 3420 4255 Notierungen ſind: Hof⸗ und Genoſſenſchaftsbutter Ia Qualität 126
2345 4224 3420 4289 bis 128 ℳ, IIa Qualität 118 bis 125 ℳ — Schmalz: Die
2343 4261 3416 4323 amerikaniſchen Börſen zeigen noch immer kein einheitliches Bild, viel⸗
2345 4298 3414 4357 mehr ſchwankt der Markt, je nachdem die Hauſſe⸗ oder die Baiſſepartei
2347 4334 3411 4391 unternehmend im Markte iſt. In Deutſchland iſt die Nachfrage etwas
2343 4369 3410 4422 beſſer geworden; in Hamburg war Lokoware mehr begehrt, und
2346 4407 3408 4460 ſeitens der Abgeber wurden feſte und erhöhte Preiſe gefordert.
2343 4439 3404 4492 Die heutigen Notierungen ſind: Choice Weſtern Steam 44 bis 44 ½ ℳ,
2344 4480 3398 4527 amerikaniſches Tafelſchmalz (Boruſſia) 46 ℳ, Berliner Stadtſchmalz
2342 4515 3396 4558 (Krone) 46 ℳ, Berliner Bratenſchmalz (Kornblume) 48 ℳ in Tierces
2342 4552 3152 4596 bis 50 ℳ — Speck: Knapp bei ſehr feſter Tendenz.
2412 4672 3388 4720 Berlin, 5. November. Wochenbericht für Stärke,
2340 4706 3390 4751 Stärkefabrikate und Hülſenfrüchte von Max Sabersky, Berlin.
2339 4740 3393 4789 Die Tendenz für Kartoffelfabrikate bleibt feſt, der Konſum kauft ſeinen
2337 4777 3388 4823 Bedarf, und die Preiſe waren wenig verändert. Es ſind zu notieren:
2337 4809 3394 4858 I a. Kartoffelſtärke 28 ¼ — 28 ¾ ℳ, I a. Kartoffelmehl 28 ¼ — 28 ¾ ℳ,
