10088 7464
673 498 2083 567 liches Intereſſe beanſpruchen, da ſie die größten und deutlichſten ſind,
677 546 2083 611 die wir bisher beſitzen. Aus ihnen geht nun hervor, daß die ſchein⸗
679 591 2087 657 bar parallel verlaufenden Linien, die auf früheren Marsphotographien
679 635 2083 705 auffielen und die man als Marskanäle deutete und bezeichnete, in Wirklich⸗
678 679 2085 747 keit nicht vorhanden, ſondern auf optiſche Täuſchungen zurückzuführen
687 730 2086 793 ſind, die dadurch entſtanden, daß eine Anzahl dunkeler Flecken auf der
686 776 2086 840 Marsoberfläche bei Benutzung der bisher angewandten kleineren Fern⸗
685 819 2091 885 rohre ſich dem Auge der Beobachter zu Linien zuſammenzogen. Dieſe
684 865 2084 932 Linien deutete man dann vielfach als künſtlich hergeſtellte Kanäle, obwohl
688 912 2091 979 dieſe Annahme durch zwingende Gründe nie geſtützt werden konnte. Jetzt
686 958 2089 1024 iſt ſie unzweideutig widerlegt und endgültig beſeitigt. — In der⸗
685 1003 2091 1073 ſelben Sitzung der Aſtronomiſchen Geſellſchaft ſprach auch der
687 1050 2087 1113 Aſtronom Crommelin über den Halleyſchen Kometen. Voraus⸗
691 1093 2097 1163 ſichtlich wird der Komet auch in dieſem Jahre die Erdbahn durch⸗
689 1141 2094 1206 kreuzen. Bei ſeiner geringen Dichtigkeit dürfte ſich dieſer Vorgang
689 1186 2099 1252 aber kaum bemerkbar machen, wie man auch im Jahre 1861 erſt
689 1232 2098 1298 nachträglich feſtgeſtellt hat, daß die Erde durch den Schweif dieſes
686 1293 1328 1345 Kometen hindurchgegangen war.
1270 1392 1522 1446 Literatur.
781 1460 2099 1524 Das Deutſche Reich. Ein Unterrichtsbuch in den Grundſätzen
691 1505 2098 1572 des deutſchen Staatsrechts, der Verfaffung und Geſetzgebung des
689 1551 2103 1618 Deutſchen Reichs von Dr. Wilhelm Zeller. Dritte Auflage, neu
693 1596 2104 1666 bearbeitet von Dr. jur. Alfred Sala, Königlich ſächſiſchem Ober⸗
690 1643 2100 1713 regierungsrat. 2 Bände. Verlag von J. J. Weber in Leipzig.
696 1689 2104 1756 Geb. 8 ℳ. — Zu einer Zeit, in der von Bürgerkunde, die heute all⸗
690 1733 2099 1808 gemein gefordert wird, nur wenig zu vernehmen war, hat
693 1780 2101 1848 Dr. Zeller ſich die Heranbildung des zukünftigen Staatsbürgers
693 1826 2099 1894 durch den Jugendunterricht und die Aufnahme der wichtigſten
695 1871 2100 1940 Staatsgrundſätze in den Lehrplan zum Ziele geſetzt und dieſes
697 1914 2104 1986 Buch als Beitrag zur Durchführung jenes Lehrplans und zugleich
694 1966 2103 2032 als Hilfsmittel zum Selbſtſtudium geſchrieben. Auch die jetzt vor⸗
692 2011 2101 2079 liegende Neubearbeitung des Buches durch den Oberregierungsrat
697 2059 2097 2122 Dr. Sala, die die großen Fortſchritte und Umwälzungen der neueren
695 2100 2104 2173 Geſetzgebung berückſichtigt, vermeidet gelehrte Erläuterungen und legt
698 2146 2106 2215 den Hauptwert darauf, in allgemein verſtändlicher Faſſung einen
699 2191 2103 2260 Ueberblick über die Einrichtungen in Reich, Staat und Gemeinde
700 2237 2102 2307 ſowie über die Geſetzgebung des Reiches zu geben und das, was für
698 2283 2103 2356 das praktiſche Leben zu wiſſen nottut, dem Leſer zu vermitteln. Im
690 2329 2104 2401 erſten Bande wird zunächſt eine kurze Darſtellung des deutſchen
700 2375 2103 2448 Landesſtaatsrechts gegeben, und ſodann werden die Reichsverfaſſung
696 2420 2100 2492 und die Organe der Reichsgewalt ſowie die Reichsgeſetzgebung auf
698 2465 2102 2537 dem Gebiete der Rechtspflege (Gerichtsverfaſſung, bürgerliches Recht
691 2512 2106 2581 und Zivilprozeß, Strafrecht und Strafverfahren) und der Polizei
694 2559 2103 2630 (Unterſtützungswohnſitzgeſetz, Medizinal⸗ und Veterinär⸗, Sicherheits⸗,
696 2601 2109 2677 Straßen⸗ und Preßpolizei, Weinbau und Vogelſchutz) behandelt. Der
693 2651 2100 2721 zweite Band verbreitet ſich zunächſt über das Perſonenſtandsgeſetz,
692 2696 2102 2765 die Urheberſchutzgeſetze, das Handelsrecht, Genoſſenſchafts⸗ und Ver⸗
700 2741 2110 2812 ſicherungs⸗, Zoll⸗, Schiffahrts⸗, Konſulats⸗ und Auswanderungsweſen.
702 2788 2108 2856 Dann folgt eine Erörterung des Maß⸗, Gewichts⸗ und Münzſyſtems,
699 2833 2107 2904 des Bank⸗, Poſt⸗, Telegraphen⸗ und Eiſenbahnweſens, des Gewerbeweſens,
703 2877 2106 2949 der ſozialen Arbeiterverſicherungsgeſetzgebung ſowie der Reichsfinanzen.
705 2927 2113 2992 Bei der Darſtellung des Reichsfinanzweſens iſt die Finanzreform von
701 2972 2111 3044 1909 berückſichtigt. Abſchnitte über die Organiſation des Heeres⸗ und
700 3018 2109 3091 Kriegsweſens, die Militärſtrafgeſetzgebung, die Militärpenſions⸗ und
703 3064 2114 3134 Unterſtützungsgeſetze, die Genfer Konvention, das Rote Kreuz und die
706 3107 2111 3183 Haager Friedenskonferenz bilden den Schluß der Darſtellung. Da
702 3155 2108 3222 überall Auskunft darüber gegeben wird, wo die behandelten Geſetzes⸗
706 3199 2110 3270 beſtimmungen uſw. amtlich abgedruckt ſind, iſt deren müheloſes
706 3248 2110 3316 Nachſchlagen ermöglicht. So wird auch die neue Auflage dazu
704 3294 2109 3363 beitragen, die Kenntnis und das Verſtändnis für die Einrichtungen und
705 3337 2112 3411 die Geſetzgebung des Reiches zu wecken und zur Beſchäftigung damit
700 3413 900 3460 anzuregen.
794 3427 2117 3496 — Die Landgemeindeordnung für die Provinz Weſt⸗
710 3475 2113 3553 falen vom 19. März 1856 in ihrer heutigen Geſtalt. Text⸗
700 3522 2114 3594 ausgabe mit Anmerkungen von B. von Kamptz, Oberverwaltungs⸗
697 3567 2104 3647 gerichtsrat. Zweite, neu bearbeitete Auflage. Kart. 1,40 ℳ. Pader⸗
2147 477 3558 538 born, Verlag von Ferdinand Schöningh. — Es iſt dies eine hand⸗
2143 523 3553 587 liche, für den praktiſchen Gebrauch der Lokalbeamten und für Laien
2144 568 3553 634 beſtimmte Ausgabe, weshalb in den erläuternden Anmerkungen der
2144 613 3554 678 Verfaſſer auf Kürze beſonderen Wert gelegt hat. Ueberall iſt auf die
2143 659 3548 726 reichhaltige Rechtſprechung des Oberverwaltungsgerichts hingewieſen.
2596 796 3104 857 Theater und Muſik.
2740 886 2977 932 Konzerte.
2244 944 3555 1008 Lilli Lehmann hatte am Donnerstag in der Phil⸗
2151 990 3549 1055 harmonie die zahlreichen Verehrer ihrer ewig friſchen Kunſt zu
2150 1035 3557 1100 einem „Mozart⸗Abend“ verſammelt. Welch unvergleichliche Inter⸗
2145 1079 3555 1148 pretin klaſſiſcher Muſik die große Sängerin iſt, zeigte wiederum ihre
2148 1126 3556 1191 vollendet ſchöne Darbietung der ausgewählten Arien und Lieder. Den
2158 1172 3561 1236 ſtärkſten Eindruck hinterließ die Wiedergabe des Rezitativs und der
2153 1216 3552 1283 Arie „Feſt wie Felſen“ aus „Cosi fan tutte“ ſowie des darauf
2155 1262 3552 1330 folgenden „Alleluja“. Letzteres entfeſſelte bei den Hörern wahrhaft
2151 1309 3551 1377 jubelnden Beifall, ſodaß eine Wiederholung gewährt werden
2149 1354 3559 1419 mußte. Mit innigem Ton wurde dann „Das Veilchen“ und das
2151 1397 3552 1465 neckiſche „Warnung“ geſungen, dem zum Schluß noch als Zugabe
2164 1444 3560 1510 „Adelaide“ von Beethoven folgte, und zwar in einer Tonſchönheit und
2158 1490 3559 1557 Friſche, die bekundeten, daß die Stimme trotz der vorhergegangenen
2158 1535 3561 1602 Anſtrengungen keine Ermüdung kennt. Zwiſchen dem erſten Teil des
2160 1580 3554 1649 Geſangprogramms (Arien aus „Figaros Hochzeit“ und „Don Juan“)
2158 1626 3560 1693 und dem zweiten trug das bereits 1905 hier beſtens ein⸗
2160 1671 3567 1744 geführte „Fitzner⸗Quartett“ aus Wien das Streichquartett in
2163 1716 3562 1784 G⸗Dur vor, deſſen Andante cantabile namentlich von be⸗
2156 1765 3565 1831 ſtrickendem Wohllaut war und ſtürmiſchen Beifall erntete. —
2161 1810 3562 1880 Im Saal Bechſtein gab es, gleichfalls am Donnerstag, einen an⸗
2162 1854 3557 1925 genehmen Kammermuſikabend, an dem der Pianiſt Ludwig
2163 1900 3567 1967 Breitner der Hauptbeteiligte war. Der Künſtler ſpielte mit
2166 1946 3563 2017 Profeſſor H. Grünfeld (Cello) und H. Weisbach (Violine) je
2163 1993 3562 2060 einzeln und mit beiden zuſammen Kompoſitionen von R. Schumann,
2161 2038 3566 2104 R. Strauß und Brahms. Sein kräftiges Gefühl, ſein kerniger
2165 2086 3571 2151 Anſchlag ließen jederzeit den tüchtigen Künſtler erkennen, der
2161 2128 3561 2196 mit Liebe und Verſtändnis an ſeine Aufgaben herantritt. —
2163 2176 3567 2244 Die geſchätzte Geigerin Irma Saenger⸗Sethe erzielte an dem⸗
2164 2219 3562 2292 ſelben Abend mit ihrem Konzert im Beethovenſaal ſchöne Er⸗
2166 2266 3563 2339 folge. Sie brachte, unterſtützt vom Philharmoniſchen Orcheſter,
2163 2311 3568 2380 Konzerte von Mendelsſohn und Brahms neben Beethovens G⸗Dur⸗
2166 2359 3573 2425 Romanze zu Gehör. Beſonders der Vortrag der Romanze, die dem
2163 2403 3570 2472 Gefühlsleben der Künſtlerin ein breites Ausſtrömen geſtattete, fand kräftige
2165 2450 3571 2517 Anerkennung. Daß der Geigerin auch ſtarke geiſtige Fähigkeiten zu
2169 2495 3576 2561 Gebote ſtehen, bekundete die Wiedergabe von Brahms' großem
2166 2540 3573 2608 D⸗Dur⸗Konzert; in ihr waren jederzeit der ausgereifte Geiſt und die
2163 2585 3567 2656 kundige Hand einer klugen und gewandten Künſtlerin zu erkennen; ſo
2162 2631 3574 2698 wurde, im Verein mit dem Philharmoniſchen Orcheſter, eine ſchöne
2172 2697 2514 2746 Wirkung erreicht.
2269 2721 3576 2787 Die Vorträge des Fitzner⸗Quartetts (R. Fitzner, M.
2168 2772 3575 2839 Weißgärber, J. Czerny, A. Walther) aus Wien wurden am
2167 2812 3572 2883 Sonntag im Beethovenſaal mit großer Beifallsfreudigkeit auf⸗
2166 2860 3577 2935 genommen. Die klaſſiſche Wiedergabe von Haydns lieblichem Kaiſer⸗
2165 2907 3573 2976 quartett entzündete ſofort die Begeiſterung der Hörer. Das fein ge⸗
2167 2953 3575 3021 tönte Zuſammenſpiel, der edle Ton, die vornehme Auffaſſung wußten
2170 2997 3577 3066 köſtliche Wirkungen zu ſchaffen. An zweiter Stelle ſtand als Neuheit
2171 3041 3580 3112 eine Romantiſche Serenade für Streichquartett von Jan Brandts⸗
2174 3087 3575 3160 Buys. Der empfindungsvolle Ton der Romantik war glücklich
2169 3133 3575 3209 getroffen; er atmete in den ſchwungvollen Melodien, in der ſorgfältig
2170 3183 3582 3252 ausgearbeiteten Harmonik. Der Tondichter wußte echte Stimmungen
2169 3227 3584 3298 zu erzeugen und dabei ſtets Eigenes zu geben. So entfaltete die
2174 3274 3584 3342 Tondichtung mancherlei eigenartige Reize, welche die Anteilnahme der
2170 3319 3584 3390 Hörer ſtets rege erhielten. Das Werk und ſeine ausgezeichnete Vor⸗
2172 3364 3579 3435 führung fanden denn auch lebhaften Beifall. Den würdigen Abſchluß
2172 3413 3449 3481 der Vortragsreihe bildete Brahms' Streichquartett in C⸗Moll.
3709 447 5010 515 Im Königlichen Opernhauſe findet morgen, Mittwoch, eine
3615 495 5002 564 Wiederholung von Méhuls Oper „Joſeph in Egypten“ (mit den
3616 538 5009 610 Zengerſchen Rezitativen) ſtatt, in der die Herren Maclennan, Gris⸗
3614 584 5006 654 wold, Hoffmann, Sommer, Philipp, Bachmann, von Schwind, die
3615 628 5008 697 Damen Hempel und Wichgraf beſchäftigt ſind. Dirigent iſt Herr
3610 696 3838 744 Dr. Muck.
3713 718 5011 790 Im Königlichen Schauſpielhauſe wird morgen, Mittwoch,
3620 769 5011 836 Ernſt von Wildenbruchs nachgelaſſenes Schauſpiel „Der Deutſche
3616 813 5007 884 König“, mit Herrn Staegemann in der Titelrolle, wiederholt. Außerdem
3620 860 5024 929 ſind in den Hauptrollen die Herren Sommerſtorff, Geiſendörfer,
3618 906 5015 974 Werrack, Boettcher, Nesper, Pohl, Zeisler, Patry ſowie die Damen
3622 958 4551 1022 Poppe, Lindner, Reſſel und Willig beſchäftigt.
3707 1085 5014 1151 Der älteſte deutſche Schauſpieler, der penſionierte braunſchweigiſche
3623 1135 5017 1204 Hofſchauſpieler Heinrich Köhler iſt geſtern, wie die „Braun⸗
3618 1181 5022 1247 ſchweigiſche Landeszeitung“ berichtet, im Alter von 96 Jahren in
3624 1242 4164 1292 Braunſchweig geſtorben.
4122 1352 4529 1409 Mannigfaltiges.
4018 1430 4624 1490 Berlin, 4. Januar 1910.
3715 1500 5021 1564 Der Berliner Schriftſtellerverband erläßt Einladungen
3623 1544 5025 1611 zum „Schriftſtellerkarneval“ in den Feſträumen der „Geſellſchaft
3622 1590 5017 1657 der Freunde“ (Potsdamer Straße 9) am Sonnabend, den 8. d. M.,
3625 1637 5030 1701 Abends 8 ½ Uhr. Der Reinertrag des Feſtes fließt in die Hilfskaſſe
3625 1683 5025 1746 des Verbands. Einlaßkarten zu 3 ℳ für Mitglieder, zu 5 ℳ für
3626 1728 5018 1794 Nichtmitglieder und zu 1 ℳ für Studenten ſind bei den Mitgliedern
3628 1773 5022 1840 des Feſtausſchuſſes zu haben. An der Abendkaſſe werden nur Karten
3623 1836 4040 1887 zu 5 ℳ ausgegeben.
3722 1933 5032 1998 Im Verein Berliner Kaufleute und Induſtrieller
3627 1978 5033 2043 findet am Donnerstag, Abends 8 ½ Uhr, der 9. Arbeitsabend ſtatt.
3631 2023 5034 2090 Auf der Tagesordnung ſteht ein Vortrag des Herrn Dr. Max
3627 2070 4954 2135 Wittenberg: „Gewinnung und Verwertung unſerer Seefiſche“.
3727 2181 5030 2247 Auf Veranlaſſung des Deutſchen Vereins für Volks⸗
3636 2232 5028 2297 hygiene, Ortsgruppe Berlin E. V., ſpricht am Freitag, Abends 8 Uhr,
3635 2277 5031 2341 im Architektenhauſe, Wilhelmſtraße 91/93, Saal B der Geheime
3636 2323 5032 2385 Medizinalrat, Profeſſor Dr. Ewald über „Tod und Leben“. Der
3634 2375 4473 2432 Zutritt ſteht jedermann unentgeltlich frei.
3733 2482 5034 2542 Schon ſeit längerer Zeit ſind Beſtrebungen im Gange, den
3636 2528 5033 2593 Kinematographen als Unterrichts⸗ und Bildungsmittel fruchtbar zu
3635 2572 5040 2643 geſtalten. Die Direktion der „Urania“ hat ſich dieſen Beſtrebungen
3631 2620 5032 2686 angeſchloſſen, indem ſie ſich an einen der Führer der kinemato⸗
3639 2665 5034 2734 graphiſchen Methode, Oberlehrer Dr. Otto Drieſen⸗Charlotten⸗
3635 2711 5036 2778 burg wandte, mit dem Erſuchen, den Nachweis für den Wert des
3637 2755 5035 2822 Kinematographen als Forſchungs⸗ und Unterrichts⸗
3641 2803 5038 2867 mittel in Form eines Demonſtrationsvortrags zu liefern.
3640 2848 5039 2911 Dr. Drieſen hat nun in monatelanger Arbeit die einzelnen Wiſſen⸗
3646 2894 5041 2960 ſchaftsgebiete aus kinematographiſchen Darſtellungsweiſen, bezw. Dar⸗
3642 2941 5037 3005 ſtellungsmöglichkeiten durchforſcht und hat ein Material vorgelegt,
3642 2986 5038 3052 das folgende Gebiete berührt: Technik, Medizin, Betriebslehre und
3644 3031 5036 3095 Volkswirtſchaft, Botanik, Phyſik, Zoologie, Biologie, Literatur, Erd⸗
3644 3077 5034 3142 kunde, Rechtswiſſenſchaft und Polizeiweſen, Militärweſen, Geſchichte,
3644 3123 5039 3188 Kunſt. Der Vortrag wird am Sonnabend vor geladenem Publikum
3646 3169 5040 3232 und am Montag, den 10. Januar, öffentlich im Wiſſenſchaft⸗
3643 3222 4638 3279 lichen Theater der „Urania“ gehalten werden.
3744 3398 4965 3487 (Fortſetzung des Nichtamtlichen in der Erſten Beilage.)
1099 3781 1379 3852 Theater.
746 3882 1773 3958 Königliche Schauſpiele. Mittwoch: Opern⸗
704 3942 1777 4012 haus. 5. Abonnementsvorſtellung. Joſeph in
706 3989 1773 4059 Aegypten. Oper in drei Akten von E. N. Méhul.
707 4037 1774 4106 Rezitative und Neubearbeitung von Max Zenger.
711 4082 1779 4148 Muſikaliſche Leitung: Herr Generalmuſikdirektor
714 4127 1772 4195 Dr. Muck. Regie: Herr Regiſſeur Braunſchweig.
713 4190 1047 4244 Anfang 7 ½ Uhr.
764 4226 1781 4298 Schauſpielhaus. 5. Abonnementsvorſtellung. Der
713 4279 1783 4344 deutſche König. Schauſpiel in fünf Akten von
718 4321 1779 4390 Ernſt von Wildenbruch. Regie: Herr Regiſſeur
716 4381 1230 4441 Keßler. Anfang 7 ½ Uhr.
761 4426 1781 4492 Donnerstag: Opernhaus. 6. Abonnementsvor⸗
717 4474 1781 4539 ſtellung. Elektra. Tragödie in einem Aufzuge von
721 4518 1777 4587 Hugo von Hofmannsthal. Muſik von Richard Strauß.
721 4581 1018 4633 Anfang 8 Uhr.
761 4618 1782 4691 Schauſpielhaus. 6. Abonnementsvorſtellung. Strand⸗
719 4666 1785 4736 kinder. Ein Schauſpiel in vier Akten von Her⸗
717 4719 1462 4782 mann Sudermann. Anfang 7 ½ Uhr.
762 4767 1784 4834 Sonnabend, Nachmittags 2 ½ Uhr: 44. Billett⸗
720 4814 1789 4882 reſerveſatz. Das Abonnement, die ſtändigen Reſervate
717 4860 1784 4931 ſowie die Dienſt⸗ und Freiplätze ſind aufgehoben.
726 4908 1789 4974 Die Quitzows. Vaterländiſches Drama in vier
723 4956 1505 5022 Aufzügen von Ernſt von Wildenbruch.
772 5008 1788 5074 Neues Operntheater. Sonntag, Nachmittags 2 ½ Uhr:
724 5057 1786 5123 Auf Allerhöchſten Befehl: Vierte Vorſtellung
729 5101 1790 5175 für die Berliner Arbeiterſchaft: Der Mennonit.
726 5147 1790 5215 Trauerſpiel in vier Akten von Ernſt von Wilden⸗
730 5192 1794 5257 bruch. (Die Billette werden durch die
731 5237 1792 5310 Zentralſtelle für Volkswohlfahrt nur an Arbeiter⸗
728 5284 1797 5351 vereine, Fabriken uſw. abgegeben. Ein Verkauf an
727 5329 1797 5399 einzelne Perſonen findet nicht ſtatt.) — Abends
729 5373 1797 5446 7 ½ Uhr: 188. Billettreſerveſatz. Dienſt⸗ und Frei⸗
731 5422 1795 5495 plätze ſind aufgehoben. Marie, die Tochter
729 5468 1801 5536 des Regiments. Komiſche Oper in zwei Akten
731 5509 1802 5581 von Gaëtano Donizetti. Text nach dem Franzöſiſchen
732 5558 1804 5627 des Saint⸗Georges und Bayard von C. Gollmick.
782 5718 1808 5793 Deutſches Theater. Mittwoch, Abends 7 ½ Uhr:
738 5787 1488 5842 Der Widerſpenſtigen Zähmung.
786 5819 1803 5891 Donnerstag: Der Widerſpenſtigen Zähmung.
788 5870 1663 5938 Freitag: Don Carlos. Anfang 6 ½ Uhr.
785 5912 1806 5984 Sonnabend: Der Widerſpenſtigen Zähmung.
1109 5992 1438 6042 Kammerſpiele.
782 6042 1636 6106 Mittwoch: Das Heim. Anfang 8 Uhr.
792 6092 1672 6150 Donnerstag: Der Arzt am Scheideweg.
788 6145 1386 6201 Freitag: Major Barbara.
787 6190 1330 6246 Sonnabend: Das Heim.
795 6313 1817 6386 Berliner Theater. Mittwoch, Abends 8 Uhr:
745 6388 1088 6445 Hohe Politik.
794 6416 1714 6487 Donnerstag bis Sonnabend: Hohe Politik.
805 6534 1822 6621 Hebbeltheater. (Königgrätzer Straße 57/58.)
756 6603 1655 6668 Mittwoch: Der Skandal. Anfang 8 Uhr.
803 6643 1822 6713 Donnerstag und folgende Tage: Der Skandal.
1858 3748 2855 3817 Neues Schauſpielhaus. Mittwoch, Nach⸗
1817 3806 2861 3871 mittags 3 Uhr: König Zipapek. — Abends 8 Uhr:
1819 3867 2216 3919 Ihr letzter Brief.
1864 3906 2537 3960 Donnerstag: Ihr letzter Brief.
1867 3945 2766 4008 Freitag: Fauſt, 1. Teil. Anfang 7 ½ Uhr.
1855 3999 2527 4052 Sonnabend: Ihr letzter Brief.
1865 4115 2874 4186 Leſſingtheater. Mittwoch, Abends 8 Uhr:
1827 4189 2256 4236 Tantris der Narr.
1866 4230 2448 4280 Donnerstag: Das Konzert.
1872 4278 2362 4329 Freitag: Das Konzert.
1869 4399 2871 4474 Schillertheater. O. (Wallnertheater.)
1824 4462 2875 4523 Mittwoch, Abends 8 Uhr: Kabale und Liebe.
1827 4506 2873 4569 Ein bürgerliches Trauerſpiel in 5 Akten von Friedrich
1822 4569 1999 4615 Schiller.
1868 4607 2599 4660 Donnerstag: Der Meineidbauer.
1870 4655 2423 4712 Freitag: Ein Volksfeind.
1873 4712 2883 4776 Charlottenburg. Mittwoch, Abends 8 Uhr:
1834 4758 2877 4821 Wallenſteins Lager. Schauſpiel in einem Aufzug
1827 4804 2890 4866 von Schiller. Hierauf: Die Piccolomini. Schau⸗
1828 4858 2513 4915 ſpiel in 5 Aufzügen von Schiller.
1877 4901 2661 4957 Donnerstag: Viel Lärm um Nichts.
1881 4951 2492 5007 Freitag: Wallenſteins Tod.
1870 5081 2882 5153 Reſidenztheater. (Direktion: Richard Alexander.)
1834 5134 2883 5201 Mittwoch, Abends 8 Uhr: Im Taubenſchlag.
1839 5183 2824 5247 Schwank in 3 Akten von Hennequin und Veber.
1879 5226 2894 5293 Donnerstag und folgende Tage: Im Tauben⸗
1840 5292 1987 5344 ſchlag.
1887 5315 2893 5382 Sonntag, Nachmittags 3 Uhr: Kümmere Dich
1834 5363 2888 5429 um Amelie. Schwank in drei Akten (4 Bildern)
1835 5426 2287 5474 von Georges Feydeau.
1883 5547 2891 5618 Komiſche Oper. Mittwoch, Abends 8 Uhr:
1844 5625 2050 5669 Tiefland.
1890 5658 2620 5713 Donnerstag: Das Tal der Liebe.
1891 5713 2235 5760 Freitag: Tosca.
1889 5750 2623 5806 Sonnabend: Das Tal der Liebe.
1897 5879 2901 5953 Theater des Weſtens. (Station: Zoologiſcher
1856 5933 2901 6001 Garten. Kantſtraße 12.) Mittwoch, Nachmittags
1857 5981 2908 6045 4 Uhr: Der Struwwelpeter. — Abends 8 Uhr:
1854 6040 2369 6094 Die geſchiedene Frau.
1897 6069 2904 6138 Donnerstag und Freitag: Die geſchiedene Frau.
1902 6119 2907 6180 Sonnabend, Nachmittags 4 Uhr: Der Struwwel⸗
1857 6169 2765 6233 peter. — Abends: Die geſchiedene Frau.
1905 6289 2910 6365 Thaliatheater. (Direktion: Kren und Schönfeld.)
1856 6349 2921 6412 Mittwoch, Nachmittags 4 Uhr: Max und Moritz. —
1860 6393 2912 6458 Abends 8 Uhr: Zum 25. Male: Die ſüße Cora.
1861 6437 2918 6505 Schwank mit Geſang und Tanz in 3 Akten von J. Kren
1865 6482 2920 6549 und A. Lippſchitz. Geſangstexte von Alfr. Schönfeld.
1862 6540 2475 6599 Muſik von Victor Hollaender.
1908 6570 2921 6641 Donnerstag und folgende Tage: Die ſüße Cora.
1905 6620 2918 6687 Sonnabend, Nachmittags 4 Uhr: Sneewittchen.
2954 3714 3959 3793 Trianontheater. (Georgenſtraße, nahe Bahnhof
2910 3780 3963 3850 Friedrichſtr.) Mittwoch, Abends 8 Uhr: Buridans
2911 3830 3963 3893 Eſel. Luſtſpiel in drei Akten von R. de Flers und
2912 3888 3323 3938 G. A. de Caillavet.
2962 3916 3960 3981 Donnerstag und folgende Tage: Buridans Eſel.
2958 4046 3966 4117 Luſtſpielhaus. (Friedrichſtraße 236.) Mittwoch,
2911 4111 3673 4164 Abends 8 Uhr: Der dunkle Punkt.
2961 4145 3966 4212 Donnerstag und folgende Tage: Der dunkle
2918 4216 3075 4264 Punkt.
3287 4344 3596 4411 Konzerte.
2963 4436 3973 4506 Singakademie. Mittwoch, Abends 8 Uhr:
2922 4495 3981 4557 3. Abonnementskonzert der Kammermuſik⸗
2925 4540 3779 4605 vereinigung der Königlichen Kapelle.
2971 4654 3975 4721 Saal Bechſtein. Mittwoch, Abends 7 ½ Uhr:
2925 4719 3633 4774 Klavierabend von Vera Brock.
2973 4825 3978 4895 Beethoven-Saal. Mittwoch, Abends 8 Uhr:
2925 4879 3978 4946 Konzert von Irene von Brennerberg (Violine).
2929 4930 3987 4989 Mitw.: Thereſe Funck (Geſang). Am Klavier:
2935 4992 3186 5032 Otto Bake.
2977 5077 3986 5146 Blüthner-Saal. Mittwoch, Abends 8 Uhr:
2930 5137 3988 5195 5. Klavierabend des Hofpianiſten Raoul von
2937 5197 3169 5243 Koczalski.
2979 5278 3990 5350 Klindworth-Scharwenka-Saal. Mittwoch,
2939 5342 3990 5401 Abends 8 Uhr: 2. Klavierabend von Bruno
2937 5387 3989 5446 Hinze⸗Reinhold. Mitw.: Charlotte Kühne
2939 5446 3130 5499 (Klavier).
2990 5557 3997 5624 Birkus Schumann. Mittwoch, Abends 7 ½ Uhr:
2947 5611 3992 5676 Große Extravorſtellung. U. a.: Original⸗
2948 5662 3998 5724 Bagonghi, der kleinſte komiſche Reiter der
2949 5708 3995 5768 Welt. — Sergeant Brennan, der beſte
2949 5749 4004 5813 Diaboloſpieler. — Der Amerikaner de Marlow
2950 5799 3997 5861 in ſeinen unerreichten Produktionen. — Ring⸗
2949 5845 3999 5906 kampf zwiſchen den Clowns Jim — Jam und
2951 5890 4000 5950 Cottrell. — Frl. Dora Schumann mit ihren
2950 5937 4005 5996 Schulpferden. — Um 9 Uhr: Die drei Rivalen
2953 5977 4002 6042 oder Das myſteriöſe Schloß in der Normandie.
2956 6037 3469 6090 Große Feerie in 5 Akten.
3003 6129 4003 6194 Birkus Buſch. Mittwoch, Abends 7 ½ Uhr:
2959 6187 4012 6246 Galaabend. James Fillis mit ſeinen drei
2947 6234 4012 6290 Kindern. — Monſ. Colon mit ſeinen
2956 6277 4008 6339 dreſſierten Affen. — Der Amerikaner Kers⸗
2958 6323 4016 6386 lake mit ſeinen dreſſierten Schweinen. —
2961 6369 4016 6437 Fräulein Martha Mohnke, Schulreiterin. —
2965 6414 4020 6478 Herr Ernſt Schumann, Originaldreſſuren. —
2968 6457 4018 6526 Fräulein Wardia Beketow, Schulreiterin. — Reiter⸗
2962 6507 4016 6569 familie Proſerpi. — 4 Gebr. Karolis, ungar.
2964 6551 4019 6613 Reitkünſtler. — Die neue ruſſiſche Pantomime
2966 6616 3139 6662 Marja.
4202 3694 4890 3778 Familiennachrichten.
4000 3787 5041 3846 Verlobt: Frl. Margarethe von Uechtritz und
4059 3833 5044 3888 Steinkirch mit Hrn. Hans von Portatius
4057 3878 5039 3937 (Reichwaldau bei Schönau⸗Katzb. — Schweinitz). —
4059 3924 5040 3984 Frl. Ruth Eben mit Hrn. Rittergutsbeſitzer
4061 3970 5043 4028 Heinrich Stoppel (Ebenau bei Saalfeld, Oſtpr. —
4064 4016 5043 4073 Bündken bei Saalfeld, Oſtpr.). — Frl. Erna
4061 4062 5034 4118 Cornill mit Hrn. Amtsrichter Waldemar Lange
4067 4107 5041 4165 (Breslau — Beuthen O.⸗S.). — Frl. Margot
4064 4153 5039 4213 Leporin mit Hrn. Leutnant Carl⸗Erich Geyer
4069 4199 5038 4259 (Kuhnern — Schweidnitz). — Frl. Roſe Gürtler
4065 4243 5036 4303 mit Hrn. Landgerichtsrat Rudolf Rudzinski (Neu⸗
4066 4298 4589 4348 markt i. Schleſ. — Berlin).
4019 4348 5034 4408 Verehelicht: Hr. Generalleutnant z. D. Eugen
4066 4392 5031 4455 Ritter u. Edler von Oetinger mit Frl. Maria
4071 4451 4402 4500 Pleſſer (Berlin).
4025 4490 5033 4557 Geboren: Ein Sohn: Hrn. Landrichter Leb⸗
4070 4544 5033 4602 mann (Glatz). — Hrn. Leutnant Axel Neumann
4073 4588 5029 4646 (Thorn). — Eine Tochter: Hrn. Carl von
4075 4629 5028 4692 Wiedebach⸗Noſtitz (Brieg, Bez. Breslau). — Hrn.
4078 4685 4773 4741 Hauptmann von Klipſtein (Poſen).
4029 4735 5029 4798 Geſtorben: Hr. Generalleutnant z. D. Adolf von
4080 4777 5032 4845 Hertzberg (Frankfurt a. O.). — Hr. Stabsarzt
4074 4822 5030 4888 a. D. Dr. med. Carl Eckert (Roſtock). — Hr.
4075 4864 5031 4932 Konteradmiral z. D. Friedrich Wilhelm Otto
4082 4912 5030 4982 Herbig (Freienwalde a. O.). — Hr. Rittmeiſter
4075 4961 5026 5027 a. D. Friedrich von Arnim (Felchow bei Anger⸗
4081 5002 5026 5074 münde). — Eliſabeth Freifr. von Rothkirch⸗Trach
4081 5053 5023 5122 geb. Pierer (Altenburg S.⸗A.). — Fr. Geheim
4081 5100 5025 5168 Regierungsrat Eliſe Bethe, geb. Wiemann
4076 5141 5027 5212 (Stettin). — Leontine Gräfin Yorck von Warten⸗
4079 5194 4984 5261 burg, geb. von Bredow (Breslau⸗Schleibitz).
4255 5404 4874 5460 Verantwortlicher Redakteur:
4093 5462 5006 5531 Direktor Dr. Tyrol in Charlottenburg.
4091 5524 5010 5602 Verlag der Expedition (Heidrich) in Berlin.
4045 5591 5015 5671 Druck der Norddeutſchen Buchdruckerei und Verlag
4137 5654 4981 5725 Anſtalt Berlin SW., Wilhelmſtraße Nr. 32.
4370 5751 4766 5814 Neun Beilagen
4105 5812 5007 5889 (einſchließlich Börſenbeilage und Warenzeichen⸗
4421 5876 4729 5924 beilage Nr. 1),
4049 5915 5008 5991 ſowie die Zuſammenſtellung der im 4. Vier
4047 5953 5008 6036 jahr 1909 im „Deutſchen Reichs⸗ und Köni
4052 6003 5005 6078 lich Preußiſchen Staatsanzeiger“ unter Nr.
4050 6045 5007 6121 des öffentlichen Anzeigers durch gerichtlich
4055 6090 5002 6170 Aufgebot behufs Kraftloserklärung auf
4054 6139 5006 6215 rufenen Wertpapiere (Staats⸗ und Kommun
4057 6181 5006 6263 papiere, Rentenbriefe, Aktien, Anteilſchein
4060 6227 5004 6306 Obligationen, Pfandbriefe, Hypotheke
4267 6290 4909 6350 zertifikate, Loſe und dergl.),
4058 6328 5002 6408 und die Inhaltsangabe zu Nr. 6 des öffe
4059 6378 5000 6454 lichen Anzeigers (einſchließlich der um
4063 6422 5000 6498 Nr. 2 veröffentlichteu Bekanntmachungen
4061 6461 4993 6543 betreffend Kommanditgeſellſchaften auf Ak
4066 6511 4976 6590 und Aktiengeſellſchaften, für die Woche
4224 6573 4929 6630 27. bis 31. Dezember 1909.
6932 595 8118 785 Erſte Beilage
5564 683 9451 1010 zum Deutſchen Reichsanzeiger und Königlich Preußiſchen Staatsanzeiger.
5353 845 5641 937 No. 2.
6971 922 8057 1048 Berlin, Dienstag, den 4. Januar
9333 1036 9661 1121 1910.
5770 1070 6325 1138 Handel und Gewerbe.
5444 1127 6738 1237 Bei den Abrechnungsſtellen der Reichsbank wurden
5336 1178 6572 1285 im Monat Dezember abgerechnet: 4 543 358 600 ℳ.
5353 1346 6708 1448 (Aus den im Reichsamt des Innern zuſammengeſtellten
5505 1401 6544 1492 „Nachrichten für Handel und Induſtrie“.)
5393 1469 6647 1574 Außenhandel Großbritanniens und Irlands 1908.
5412 1530 6727 1633 Entgegen der in den britiſchen Statiſtiken üblichen Anſchreibungs⸗
5317 1578 6725 1682 weiſe nach Verſchiffungsländern ſind in der folgenden Darſtellung die
5317 1620 6724 1725 Einfuhrwerte denjenigen Ländern zugeſchrieben, in denen die
5318 1666 6719 1769 Waren erſtmalig ihre Beſtimmung nach dem Vereinigten Königreich
5312 1714 6718 1815 erhalten haben. Die Einfuhr in das Vereinigte Königreich belief
5312 1756 6715 1861 ſich hiernach im Jahre 1908 (1907) auf insgeſamt 592 953 487
5304 1805 6710 1906 (645 807 942 Pfd. Sterl. Es wurden davon für 79 623 697
5304 1847 6707 1952 (91 942 084) Pfd. Sterl. wieder ausgeführt, ſodaß im Vereinigten
5300 1893 6708 1999 Königreiche Waren im Werte von 513 329 790 (553 865 858) Pfd.
5296 1939 6710 2043 Sterl. verblieben. Von der Geſamteinfuhr entfielen 464 817 692
5292 1985 6705 2090 (491 102 400) Pfd. Sterl. auf fremde Länder und 128 135 795
5294 2030 6702 2137 (154 705 542) Pfd. Sterl. auf britiſche Beſitzungen. Von dieſen
5290 2078 6695 2183 Werten nahm das Vereinigte Königreich 423 871 146 (442 846 885)
5292 2123 6686 2229 Pfd. Sterl. beziehungsweiſe 89 540 169 (111 096 148) Pfd. Sterl. auf,
5284 2172 6694 2277 während der Reſt wieder ausgeführt wurde. Die hauptſächlichſten
5287 2214 6307 2306 Länder waren an der Einfuhr, wie folgt, beteiligt.
5925 2295 6395 2365 Wert in 1000 £
5618 2328 6682 2426 Nach dem Vereinigten Königreiche verladen (konſigniert)
5843 2391 6481 2462 direkt oder über andere Länder
5306 3572 6619 3676 Die Ausfuhr britiſcher Erzeugniſſe aus dem Vereinigten König⸗
5216 3618 6615 3716 reiche nach Ländern der letzten Beſtimmung der Waren betrug im
5220 3662 6620 3764 Jahre 1908 (1907) 377 103 824 (426 035 083) Pfd. Sterl. Hiervon
5218 3711 6614 3807 entfielen auf fremde Länder 250 338 797 (287 891 384) Pfd. Sterl.
5205 3757 6610 3856 und auf britiſche Beſitzungen 126 765 027 (138 143 699) Pfd. Sterl.
5216 3800 6611 3903 Für die wichtigſten Beſtimmungsländer kamen folgende Werte —
5211 3845 6607 3945 1000 Pfd. Sterl. — in Betracht: Rußland 12 649 (11 144) —
5206 3892 6607 3996 Deutſchland 33 398 (41 358) — Niederlande 11 467 (13 943) —
5208 3938 6603 4040 Belgien 9571 (10 459) — Frankreich 22 166 (23 308) — Italien
5206 3986 6602 4085 15 028 (14 134) — Aegypten 9577 (10 022) — China, ausgenommen
5201 4029 6599 4133 Hongkong und Macao 9216 (12 034) — Japan, einſchl. Formoſa
5194 4076 6596 4179 9904 (12 062) — Vereinigte Staaten von Amerika 21 304 (30 919)
5194 4120 6590 4225 — Braſilien 8115 (10 224) — Argentiniſche Republik 16 404 (17 795)
5196 4167 6584 4271 — Canada 12 244 (17 102) — Auſtraliſcher Bund 22 942 (24 097)
5193 4214 6579 4317 — Neuſeeland 8767 (8701) — Britiſch⸗Indien 49 419 (52 027).
5192 4259 6587 4366 (Statistical Abstract for the United Kingdom from 1894 to 1908.)
5709 4420 6043 4490 Niederlande.
5258 4465 6574 4573 Steuerfreiheit für Wein zur Herſtellung von alkohol⸗
5177 4509 6574 4617 haltigen Getränken, die für die Ausfuhr beſtimmt ſind.
5179 4557 6571 4665 Gemäß einer mit Bezug auf das Geſetz vom 12. Juni 1909 (Staats-
5177 4605 6571 4710 blad Nr. 148) unterm 26. November v. J. erlaſſenen und am
5172 4649 6565 4751 17. Dezember v. J. in Kraft getretenen Königlichen Verordnung wird
5169 4691 6559 4800 Steuerfreiheit für Wein gewährt, der in die im Artikel 7 a des Ge⸗
5169 4737 6556 4843 ſetzes vom 20. Juni 1862 (Staatsblad Nr. 62) erwähnten Deſtillier⸗
5168 4792 6552 4895 anſtalten I. Klaſſe eingebracht wird, um zur Herſtellung von alkohol⸗
5165 4829 6551 4938 haltigen, zur Ausfuhr nach dem Ausland beſtimmten Getränken ver⸗
5155 4881 5524 4935 wendet zu werden.
5231 4929 6552 5030 Der zu dem genannten Zwecke beſtimmte Wein kann aus dem
5159 4964 6547 5070 Ausland oder aus Niederlagen bezogen werden, und zwar in
5158 5013 6550 5118 Mengen von mindeſtens 2 hl. Die Beförderung von der Grenze
5157 5056 6541 5164 oder der Niederlage nach der Deſtillieranſtalt geſchieht unter Begleit⸗
5150 5103 6537 5207 ſcheinkontrolle und Siegelverſchluß und gegen Sicherſtellung der Ver⸗
5150 5148 6488 5258 brauchsabgabe. (Nederlandsche Staatscourant.)
5728 5317 5937 5371 Mexiko.
5219 5345 6535 5451 Zoll⸗Befreiungen und ⸗ Erleichterungen. Der von
5143 5390 6530 5495 dem Finanzminiſter den Kammern vorgelegte Geſetzentwurf, be⸗
5141 5431 6533 5545 treffend Zollbefreiungen für Rohmaterialien und Halbfabrikate*), iſt
5140 5481 6530 5588 von den Kammern angenommen worden und hat durch ſeine am
5139 5528 6530 5633 4. November d. J. erfolgte Veröffentlichung im „Diario Oficial“
5143 5572 6527 5680 Geſetzeskraft erlangt. Das Geſetz enthält von dem Vorſchlag inſofern
5132 5624 6520 5724 unbedeutende Abweichungen, als die Regierung die aus Anlaß eines
5130 5668 6511 5770 nationalen Unglückfalls zu bewilligende zollfreie Einfuhr von Bei⸗
5130 5704 6506 5813 hilfen auf vier Monate, anſtatt, wie vorgeſchlagen, auf einen
5129 5750 6511 5865 Monat, ausdehnen kann. Ferner kann die Einfuhr von Roh⸗
5132 5804 6518 5906 materialien und Halbfabrikaten ohne vorherige Zahlung des Zolles
5125 5848 6508 5952 nur gegen Beſtellung einer Bürgſchaft ſeitens der Einführer erlaubt
5124 5895 6505 5999 werden. Für die Rohmaterialien und Halbfabrikate oder die aus
5122 5930 6505 6044 ihnen gewonnenen Erzeugniſſe, welche innerhalb des durch das Geſetz
5122 5977 6500 6086 feſtgeſetzten Zeitraums nicht ausgeführt worden ſind, iſt der ent⸗
5111 6021 6499 6137 ſprechende Zoll nachzuzahlen. (Nach einem Bericht der Kaiſerlichen
5109 6066 5621 6153 Geſandtſchaft in Mexiko.)
5109 6246 6486 6360 Bergarbeiterlöhne im Oberbergamtsbezirk Dortmund
5291 6318 6274 6397 im Jahre 1909 und in den Vorjahren.
5176 6362 6481 6477 Nach dem Jahresbericht der Handelskammer für den Kreis Eſſen
5097 6400 6480 6517 ſür das Jahr 1909, Teil I, betrug im Oberbergamtsbezirk Dortmund
5095 6450 6476 6563 die Zahl der Arbeiter (mit Ausſchluß der feſt beſoldeten Beamten
5103 6496 6464 6609 und Aufſeher) im 3. Vierteljahr 1909: 327 003, 1908: 323 303,
5168 6589 6456 6702 *) Vergl: Nr. 130 der „Nachrichten für Handel und Induſtrie“
5088 6627 5583 6727 vom 20. November d. J.
6809 1101 8195 1213 1907: 292 309, 1906: 267 210, 1905: 267 797, 1904: 260 280,
6808 1149 8201 1258 1903: 253 280, 1902: 242 054, 1901: 242 606. Die verdienten reinen
6809 1190 8190 1307 Durchſchnittslöhne (nach Abzug aller Arbeitskoſten ſowie der Knapp⸗
6809 1241 8191 1343 ſchafts⸗ und Invalidenverſicherungsbeiträge) ſämtlicher Arbeiter mit
6803 1283 8193 1396 Ausſchluß der feſt beſoldeten Beamten und Aufſeher ſtellen ſich im
6799 1328 8183 1433 Steinkohlenbergbau des Oberbergamtsbezirks Dortmund insgeſamt im
6797 1375 8182 1485 1. Vierteljahr 1909: auf 4,56 ℳ, 2. Vierteljahr 1909 4,45 ℳ,
6799 1419 8185 1528 3. Vierteljahr 1909 4,48 ℳ; im Jahresmittel 1908: 4,82 ℳ, 1907:
6790 1471 8177 1575 4,87 ℳ, 1906: 4,37 ℳ, 1905: 4,03 ℳ, 1904: 3,98 ℳ, 1903: 3,88 ℳ,
6791 1516 8186 1620 1902: 3,82 ℳ, 1901: 4,07 ℳ. Die Lohnklaſſen ſtellten ſich nach dem
6786 1559 8175 1664 für 1908 der Handelskammer vorliegenden Verwaltungsbericht des
6785 1606 7905 1699 Allgemeinen Knappſchaftsvereins in Bochum, wie folgt:
6830 1660 8123 1768 Verteilung der Mitglieder auf die einzelnen Lohnklaſſen vom
7332 1736 7657 1793 Jahre 1892 ab:
6737 2519 8131 2628 Aus der vorſtehenden Tabelle geht die Verteilung der Mitglieder auf
6735 2564 8138 2673 die einzelnen Lohnklaſſen hervor. Für die Bemeſſung der Lohnklaſſe
6735 2616 8130 2715 war bis zum 28. Juni 1908 der tägliche reine Arbeitsverdienſt ohne
6735 2654 8124 2759 Abzug der Beiträge für die Knappſchaftskaſſe in dem jeweilig ver⸗
6730 2704 8130 2807 floſſenen Vierteljahr maßgebend, vom 29. Juni 1908 ab jedoch der
6726 2751 8125 2850 tägliche reine Arbeitsverdienſt ohne Abzug der Beiträge für die
6725 2793 8120 2903 Knappſchaftskaſſe in dem jeweilig vorvorhergehenden Monat. Hiernach
6726 2840 8117 2947 hatten einen täglichen Arbeitsverdienſt von 5 ℳ und mehr: 31,7 %
6718 2884 8119 2993 der Belegſchaft im Jahre 1902, 36,1 % der Belegſchaft im Jahre
6718 2935 8114 3039 1903, 43,1 % der Belegſchaft im Jahre 1904, 44,5 % der Belegſchaft
6715 2975 8116 3083 im Jahre 1905, 57,1 % der Belegſchaft im Jahre 1906, 67,9 % der
6717 3022 8117 3128 Belegſchaft im Jahre 1907 und 70,0 % der Belegſchaft im Jahre 1908.
6791 3171 8010 3276 Wagengeſtellung für Kohle, Koks und Briketts
7152 3246 7671 3302 am 3. Januar 1910:
7168 3291 7940 3383 Ruhrrevier Oberſchleſiſches Revier
7294 3348 7686 3411 Anzahl der Wagen
6828 3371 7756 3457 Geſtellt 20 536 8 341
6823 3420 7792 3508 Nicht geſtellt — —
6779 3552 8085 3660 Eine Einigung zwiſchen den in New York weilenden Ver⸗
6686 3600 8082 3703 tretern des Kaliſyndikats und dem amerikaniſchen Dünger⸗
6682 3647 8088 3748 truſt iſt laut Meldung des „W. T. B.“ aus Berlin bisher nicht
6678 3694 8079 3795 erzielt worden. Es beſtehen noch geringe Differenzen über die Preis⸗
6681 3737 8075 3838 frage. Der Vorſtand des Syndikats tagte geſtern bis 6 Uhr und ſoll
6675 3783 8066 3888 vorausſichtlich am Mittwoch, ſpäteſtens am Freitag, hier zuſammen⸗
6673 3825 6802 3874 treten.
6761 3876 8060 3978 — Nach einem vorläufigen Bericht der Handelskammer zu
6666 3919 8063 4022 Kiel über Lage und Gang des Verkehrs im Jahre 1909 waren im
6668 3965 8065 4064 Schiffbau an der Kieler Föhrde, der insgeſamt mit der Kaiſerlichen
6665 4011 8055 4117 Werft über 14 000 Arbeiter beſchäftigt, die Preiſe recht ſchlecht.
6661 4057 8055 4157 Speziell für Handelsſchiffe ſind ſie ſehr gedrückt geweſen infolge des
6659 4105 8052 4205 völlig daniederliegenden Frachtenmarktes und des Paſſagierverkehrs.
6656 4147 8047 4251 Mit den Beſtellungen wurde deshalb ſeitens der Reedereien ſehr
6652 4198 8043 4299 zurückgehalten, erſt ſeit Auguſt/September machte ſich eine Beſſerung
6651 4240 8041 4343 bemerkbar. Von den Privatbeſtellern wurden dabei meiſtens lange
6650 4285 8035 4390 Zahlungsfriſten verlangt. Auch im ſtationären Maſchinenbau
6651 4333 8037 4432 ſind die Preiſe infolge ſchlechter Konjunktur weiter zurück⸗
6642 4383 8041 4481 gegangen. Die großen Reedereien haben infolge ihrer ſehr
6643 4429 8034 4529 ungünſtigen Abſchlüſſe und der damit verbundenen ſchwierigen
6644 4472 8037 4574 finanziellen Lage keine Kredite für Neubauten bereitſtellen
6642 4517 8034 4620 können. Im Jahre 1909 ſind nach den vorläufigen Er⸗
6636 4564 8030 4666 mittlungen im Handelshafen Kiel eingegangen: etwa 6020 Schiffe
6630 4610 8031 4710 mit einem Nettoraumgehalt von etwa 1 795 000 cbm und einem be⸗
6631 4654 8028 4756 ſtauten Raum von 907 500 cbm, gegen 6025 Schiffe mit einem
6632 4700 8024 4801 Nettoraumgehalt von 1 787 413 cbm und einem beſtauten Raum von
6624 4747 8019 4845 907 242 cbm im Jahre 1908, 6630 Schiffe mit 1 910 000 cbm
6623 4787 8021 4890 Nettoraumgehalt und 1 072 000 cbm Beſtauung im Jahre 1907 und
6620 4838 8018 4939 7368 Schiffe mit 2 026 767 cbm Nettoraumgehalt und 1 123 023 cbm
6620 4883 7171 4946 Beſtauung im Jahre 1906.
6698 4935 8003 5029 — Ueber die Seeſchiffahrt teilt der Jahresbericht der Handels⸗
6614 4975 8011 5072 kammer zu Hamburg über das Jahr 1909 u. a. mit: Das
6612 5016 8012 5118 Berichtsjahr hat im allgemeinen eine fühlbare Beſſerung gegen das
6611 5067 8003 5166 überaus ungünſtige Vorjahr gebracht. Doch liegen noch immer erheb⸗
6610 5110 8003 5212 liche Mengen von Schiffsräumen auf, wenn auch ein Teil der bei
6606 5158 8003 5257 der Kriſis aus dem Verkehr gezogenen Schiffe im Laufe des Jahres
6606 5204 7997 5301 wieder in Fahrt getreten iſt. Die Hebung der allgemeinen
6602 5248 7992 5350 Lage iſt mehr den Linienreedereien als den übrigen Zweigen
6597 5293 7997 5394 der Seeſchiffahrt, die in Hamburg auch nur weniger beheimatet
6600 5338 7985 5442 ſind, zugute gekommen. Auf den meiſten Verkehrsrouten
6593 5388 7991 5485 dürfte das Frachtgeſchäft für die Linienreedereien einigermaßen be⸗
6597 5432 7978 5529 friedigende Ergebniſſe gezeitigt haben; auf einigen Linien, wie z. B.
6596 5477 7976 5578 im Verkehr mit dem La Plata und ebenſo mit Cuba und Mexiko,
6591 5522 7983 5623 wurde das Geſchäft durch Konkurrenzkämpfe beeinträchtigt. Die
6588 5569 7978 5670 Auswanderung hat ſich von dem Tiefſtande des Vorjahres erholt
6585 5617 7975 5714 und wieder normalen Umfang angenommen; während der erſten
6585 5662 7978 5763 11 Monate des Jahres wurden über Hamburg 135 718 Aus⸗
6582 5711 7973 5808 wanderer befördert gegeu 71 630 während des gleichen Zeit⸗
6577 5755 7971 5852 raums im Jahre 1908. Auch der Verlauf des nordatlantiſchen
6577 5797 7961 5899 Kajütspaſſagegeſchäftes hat ſich gegen das Vorjahr weſentlich
6573 5847 7971 5946 gehoben. Wenngleich auch für die Dampfer in freier Fahrt der
6571 5886 7967 5992 Frachtenmarkt in einigen wenigen Verkehrsbeziehungen ſich beſſer ge⸗
6566 5935 7969 6037 ſtaltete als im Vorjahre, ſo iſt doch das Jahr 1909 für dieſen Zweig
6567 5981 7961 6081 der Dampfſchiffsreederei im ganzen ſehr unbefriedigend geweſen.
6568 6020 7965 6129 Aeußerſt niedrig waren namentlich im Herbſt die Frachten vom La
6567 6070 7959 6174 Plata, von wo viele Dampfer in Ballaſt wieder fortgehen mußten;
6563 6116 7954 6221 beſſer lagen die Verhältniſſe zeitweiſe in der zweiten Hälfte des
6558 6158 7957 6264 Jahres im Verkehr von Oſtaſien und Auſtralien heimwärts. Für
6553 6207 7949 6310 die Fahrten vom Schwarzen Meere und vom Mittelmeer waren
6550 6252 7949 6356 die Frachten faſt während des ganzen Jahres ebenfalls gedrückt. Für
6552 6294 7945 6402 die Segelſchiffahrt war das Berichtsjahr nur wenig günſtiger
6546 6345 7947 6446 als im Vorjahre. Die Salpeterfrachten hatten während des größten
6543 6388 7937 6490 Teils des Jahres einen niedrigen Stand; der nordpazifiſche Weizen⸗
6546 6434 7933 6535 frachtenmarkt erfüllte ebenſowenig die auf ihn geſetzten Erwartungen.
6545 6480 7939 6581 Namentlich in England ſind auch im Laufe dieſes Jahres wieder eine
6537 6524 7935 6627 Reihe Segelſchiffe abgeſtoßen, welche zum großen Teile in die Hände
6533 6575 7923 6672 norwegiſcher Reeder übergegangen ſind, die namentlich, weil ihnen
6532 6617 7925 6717 die Geſetzgebung ihres Landes weniger Laſten auferlegt, billiger fahren
6530 6662 7925 6762 können als die deutſchen und engliſchen Reeder und der deutſchen
6527 6707 7678 6796 Schiffahrt eine immer empfindlichere Konkurrenz bereiten.
8351 1173 9664 1288 — Laut Meldung des „W. T. B.“ betrugen die Einnahmen der
8262 1218 9661 1329 Luxemburgiſchen Prince Henri⸗Eiſenbahn in der dritten
8264 1264 9654 1377 Dezemberdekade 1909: 178 020 Fr. (12 100 Fr. mehr als i. V.). —
8258 1307 9659 1419 Die Einnahmen der Canadian Pacificeiſenbahn betrugen vom
8256 1356 9655 1465 22. bis 31. Dezember 1909: 2 588 000 Dollars (378 000 Dollars
8256 1402 9650 1513 mehr als i. V.). — Die Einnahmen der Anatoliſchen Eiſen⸗
8249 1444 9654 1561 bahnen betrugen vom 10. bis 16. Dezember 1909: 158 084 Fr.
8250 1491 9649 1605 (+ 9794 Fr.), ſeit 1. Januar 1909: 7 465 117 Fr. (+ 19 829 Fr.).
8249 1539 9648 1646 — Die Einnahmen der Mazedoniſchen Eiſenbahn (Salonik —
8241 1581 9649 1692 Monaſtir) betrugen vom 10. bis 16. Dezember 1909: Stammlinie
8241 1626 9642 1741 (219 km) 59 912 Fr. (mehr 5994 Fr.), ſeit 1. Januar 1909:
8240 1674 8926 1750 3 005 999 Fr. (mehr 93 182 Fr.).
8320 1724 9632 1830 Leipzig, 3. Januar. (W. T. B.) Die Ledermeßbörſe
8239 1767 9634 1875 war von mehr als 600 Lederintereſſenten beſucht. Der Verkehr war
8236 1809 9319 1905 ſehr lebhaft zu feſten und teilweiſe ſteigenden Preiſen.
8325 1857 9621 1967 Budapeſt, 3. Januar. (W. T. B.) Der hauptſtädtiſche
8229 1897 9626 2012 Finanzausſchuß nahm in ſeiner heutigen Sitzung das Angebot eines
8227 1950 9622 2056 engliſchen Konſortiums, betreffend eine vierprozentige Anleihe
8223 1992 9502 2097 von 2 Millionen Pfund, an. Der Uebernahmekurs beträgt 91 ½.
8313 2044 9608 2149 Rio de Janeiro, 4. Januar. (W. T. B.) Die Regierung
8228 2084 9616 2190 hat beſchloſſen, die Amortiſation der äußeren Anleihen in
8214 2131 8883 2210 dieſem Jahre wiederaufzunehmen.
8310 2200 9616 2309 Hamburg, 3. Januar. (W. T. B.) Serienziehung der Ham⸗
8212 2245 9622 2356 burgiſchen 3 % Prämienanleihe von 1866: 19 72 80 95
8208 2291 9607 2397 212 215 230 266 443 475 544 549 618 807 843 854 857 901 918
8211 2335 9611 2442 1036 1051 1290 1375 1380 1416 1453 1473 1523 1785 1830 1985
8205 2379 9606 2491 2098 2119 2120 2226 2307 2399 2446 2562 2678 2697 2711 2742
8204 2428 9596 2532 2750 2802 2813 2888 2891 2990 3012 3030 3031 3055 3101 3106
8207 2473 9587 2582 3157 3160 3386 3404 3442 3456 3566 3576 3596 3749 3854 3859
8202 2519 9595 2630 3885 3886 3930 3950 3974. Die nächſte Gewinnziehung findet am
8205 2565 8541 2619 1. Februar ſtatt.
8290 2613 9593 2718 Wien, 3. Januar. (W. T. B.) Serienziehung der Oeſter⸗
8197 2655 9589 2761 reichiſchen Kredit 100⸗Fl. Loſe von 1858: 130 131 231 361 455 660
8188 2697 9592 2807 783 790 863 977 1166 1297 1557 1625 1629 1810 1913 1945 2264
8187 2744 9586 2857 2381 2407 2554 2586 2607 2842 2843 2845 3089 3463 3660 3840
8189 2791 9580 2900 3858 3936 4131. 300 000 Kronen Serie 361 Nr. 61. 60 000 Kronen
8187 2834 9587 2943 Serie 790 Nr. 35. 30 000 Kronen Serie 783 Nr. 87. Je 10 000
8184 2879 9583 2986 Kronen Serie 783 Nr. 77, Serie 3463 Nr. 41. Je 4000 Kronen
8182 2926 9590 3036 Serie 977 Nr. 46, Serie 2586 Nr. 39. Je 3000 Kronen Serie
8180 2972 9578 3084 361 Nr. 46, Serie 2607 Nr. 86, Serie 3660 Nr. 65. Je 2000
8177 3020 9570 3128 Kronen Serie 863 Nr. 24, Serie 863 Nr. 56, Serie 2845 Nr. 59.
8259 3178 9567 3287 Berlin, 3. Januar. Marktpreiſe nach Ermittlung des
8170 3222 9562 3334 Königlichen Polizeipräſidiums. (Höchſte und niedrigſte Preiſe.) Der
8168 3272 9562 3379 Doppelzentner für: Weizen, gute Sorte †) 22,40 ℳ, 22,36 ℳ. — Weizen,
8158 3317 9562 3426 Mittelſorte †) 22,32 ℳ, 22,28 ℳ. — Weizen, geringe Sorte †) 22,24 ℳ,
8159 3363 9569 3474 22,20 ℳ. — Roggen, gute Sorte †) 16,00 ℳ, 15,98 ℳ. — Roggen,
8154 3406 9558 3522 Mittelſorte †) 15,96 ℳ, 15,94 ℳ. — Roggen, geringe Sorte †) 15,92 ℳ,
8154 3455 9554 3562 15,90 ℳ. — Futtergerſte, gute Sorte *) 16,50 ℳ, 15,80 ℳ. —
8155 3499 9544 3611 Futtergerſte, Mittelſorte *) 15,70 ℳ, 15,10 ℳ. — Futtergerſte,
8153 3548 9537 3653 geringe Sorte *) 15,00 ℳ, 14,40 ℳ. — Hafer, gute Sorte *) 18,00 ℳ,
8149 3591 9535 3698 17,30 ℳ. — Hafer, Mittelſorte *) 17,20 ℳ, 16,50 ℳ. — Hafer,
8147 3641 9540 3744 geringe Sorte *) 16,40 ℳ, 15,80 ℳ. — Mais (mixed) gute Sorte
8144 3686 9532 3790 16,40 ℳ, 16,10 ℳ. — Mais (mixed) geringe Sorte —,— ℳ, —,— ℳ.
8144 3732 9537 3836 — Mais (runder) gute Sorte 15,80 ℳ, 15,50 ℳ. — Richtſtroh —,— ℳ,
8136 3778 9543 3884 —,— ℳ. — Heu —,— ℳ, —,— ℳ. — Erbſen, gelbe zum Kochen
8135 3823 9536 3925 50,00 ℳ, 30,00 ℳ. — Speiſebohnen, weiße 50,00 ℳ, 30,00 ℳ. —
8129 3863 9533 3974 Linſen 60,00 ℳ, 25,00 ℳ. — Kartoffeln 8,00 ℳ, 5,00 ℳ. —
8128 3911 9525 4018 Rindfleiſch von der Keule 1 kg 2,20 ℳ, 1,40 ℳ; dito Bauch⸗
8128 3959 9528 4063 fleiſch 1 kg 1,80 ℳ, 1,20 ℳ. — Schweinefleiſch 1 kg 2,00 ℳ,
8129 4006 9528 4110 1,40 ℳ. — Kalbfleiſch 1 kg 2,20 ℳ, 1,20 ℳ. — Hammelfleiſch
8123 4052 9524 4155 1 kg 2,10 ℳ, 1,20 ℳ. — Butter 1 kg 3,00 ℳ, 2,40 ℳ. — Eier
8113 4096 9529 4207 (Markthallenpreiſe) 60 Stück 6,80 ℳ, 3 80 ℳ. — Karpfen 1 kg
8113 4143 9507 4247 2,40 ℳ, 1,20 ℳ. — Aale 1 kg 3,00 ℳ, 1,60 ℳ. — Zander 1 kg
8111 4187 9509 4294 3,60 ℳ, 1,40 ℳ. — Hechte 1 kg 2,60 ℳ, 1,40 ℳ. — Barſche 1 kg
8107 4234 9511 4342 2,00 ℳ, 1,00 ℳ. — Schleie 1 kg 3,50 ℳ, 1,60 ℳ. — Bleie 1 kg
8109 4282 9283 4375 1,60 ℳ, 0,80 ℳ. — Krebſe 60 Stück 24,00 ℳ, 3,50 ℳ.
8193 4331 8469 4382 †) Ab Bahn.
8186 4376 8804 4447 *) Frei Wagen und ab Bahn.
8194 4507 9506 4616 Weitere Berliner Warenberichte befinden ſich in der
8098 4553 8468 4611 Börſenbeilage.
8180 4667 9438 4775 Kursberichte von den auswärtigen Fondsmärkten.
8176 4728 9497 4832 Hamburg, 3. Januar. (W. T. B.) (Schluß.) Gold in
8083 4764 9487 4879 Barren das Kilogramm 2790 Br., 2784 Gd., Silber in Barren das
8083 4817 8788 4892 Kilogramm 71,75 Br., 71,25 Gd.
8174 4869 9485 4976 Wien, 4. Januar, Vormittags 10 Uhr 50 Min. (W. T. B.)
8080 4908 9484 5012 Einh. 4 % Rente M./N. pr. ult. 94,90, Oeſterr. 4 % Rente in
8079 4953 9471 5057 Kr.⸗W. pr. ult. 94,95, Ungar. 4 % Goldrente 113,80, Ungar. 4 %
8076 4999 9475 5103 Rente in Kr.⸗W. 92,40, Türkiſche Loſe per medio 226,75, Orient⸗
8072 5044 9470 5151 bahnaktien per ult. —,—, Oeſterr. Staatsbahnaktien (Franz.) per ult.
8067 5092 9467 5196 752,25, Südbahngeſellſchaft (Lomb.) Akt. per ult. 127,00, Wiener
8064 5136 9457 5241 Bankvereinaktien 548,00, Oeſterr. Kreditanſtalt Akt. per ult. 673,75,
8069 5182 9465 5289 Ungar. allg. Kreditbankaktien 794,50, Oeſterr. Länderbankaktien 508,50,
8062 5228 9463 5331 Brüxer Kohlenbergb.⸗Geſellſch.⸗Akt. —,—, Oeſterr. Alpine Montan⸗
8060 5276 9456 5384 geſellſchaftsaktien 752,25, Deutſche Reichsbanknoten per ult. 117,60,
8062 5319 9228 5411 Unionbankaktien 592,00, Prager Eiſeninduſtriegeſ.⸗Akt. —.
8144 5368 9460 5477 London, 3. Januar. (W. T. B.) (Schluß.) 2 ½ % Eng⸗
8054 5412 9145 5507 liſche Konſols 83 ⅛, Silber 24 3/16, Privatdiskont 3 ¼.
8147 5461 9453 5564 Paris, 3. Januar. (W. T. B.) (Schluß.) 3 % Franz.
8049 5503 8305 5553 Rente 98,95.
8141 5552 9441 5653 Madrid, 3. Januar. (W. T. B.) Wechſel auf Paris 107,60.
8134 5597 9225 5691 Liſſabon, 3. Januar. (W. T. B.) Goldagio 12 ¼.
8132 5644 9438 5742 New York, 3. Januar. (W. T. B.) (Schluß.) Auf Mani⸗
8039 5688 9439 5790 pulationen eröffnete die heutige Fondsbörſe in feſter Haltung. Bald
8038 5734 9438 5834 trat aber eine Abſchwächung ein, da Realiſationen vorgenommen
8033 5781 9434 5880 wurden und die Tagesſpekulation mit Verkäufen vorging in der Er⸗
8031 5828 9434 5926 wartung einer ungünſtig lautenden Spezialbotſchaft des Präſidenten
8032 5867 9429 5975 Taft. Gerüchte über die Arbeiterbewegung übten auf Stahltruſt⸗
8029 5913 9432 6022 Aktien einen Druck aus. Im Verlaufe wurde der Markt ruhiger,
8027 5960 9423 6066 da man die Ergebniſſe der Konferenz Tafts mit den Eiſenbahn⸗
8021 6007 9434 6109 präſidenten abwarten wollte. In der letzten Stunde fanden im
8015 6050 9422 6156 Hinblick auf die teuren Geldſätze erneute umfangreiche Verkäufe ſtatt,
8015 6101 9420 6203 und die Börſe ſchloß ſchwach. Aktienumſatz 950 000 Stück. Tendenz
8016 6141 9416 6246 für Geld: ſtramm. Geld auf 24 Stunden Durchſchn.⸗Zinsrate 8, do.
8010 6188 9411 6292 Zinsrate für letztes Darlehn des Tages 10, Wechſel auf London
8010 6236 9129 6326 4,83,65, Cable Transfers 4,87,10, Silber Bullion 52 ½.
8101 6283 9413 6384 Rio de Janeiro, 3. Januar. (W. T. B.) Wechſel auf
8005 6323 8271 6382 London 15 ¼.
8080 6436 9325 6539 Kursberichte von den auswärtigen Warenmärkten.
8095 6498 9398 6598 Eſſener Börſe vom 3. Januar 1910. Amtlicher Kursbericht.
7995 6540 9398 6642 Kohlen, Koks und Briketts. (Preisnotierungen des Rheiniſch⸗
7993 6582 9394 6688 Weſtfäliſchen Kohlenſyndikats für die Tonne ab Werk.) I. Gas⸗
7987 6637 9389 6736 und Flammkohle: a. Gasförderkohle 12,00 — 14,00 ℳ, b. Gas⸗
7989 6670 9394 6781 flammförderkohle 11,00 — 12,00 ℳ, c. Flammförderkohle 10,50 bis
7993 6725 9393 6825 11,00 ℳ, d. Stückkohle 13,50 — 14,50 ℳ, e. Halbgeſiebte 13,00 bis
7975 6766 9382 6869 14,00 ℳ, f. Nußkohle gew. Korn I und II 13,50 — 14,50 ℳ,
5289 2411 5616 2470 Einfuhr aus
5262 2594 5447 2647 Rußland
5265 2640 5473 2688 Schweden
5261 2686 5614 2744 Dänemark, einſchl.
5306 2734 5608 2790 Faröer, Island,
5303 2780 5502 2828 Grönland
5257 2825 5566 2878 Deutſchland
5255 2868 5486 2919 Niederlande
5254 2913 5424 2964 Belgien
5250 2961 5461 3014 Frankreich
5250 3007 5422 3054 Spanien
5248 3051 5432 3104 Aegypten
5236 3099 5464 3152 Vereinigte
5279 3147 5593 3201 Staaten von
5282 3188 5451 3239 Amerika
5237 3236 5581 3291 Argentiniſche Re⸗
5270 3287 5411 3329 publik
5233 3329 5394 3374 Canada
5231 3375 5478 3430 Auſtraliſcher
5273 3423 5397 3468 Bund
5222 3467 5445 3514 Neuſeeland
5224 3511 5540 3568 Britiſch⸗Indien
5705 2476 5906 2526 überhaupt
5665 2565 5786 2611 1908
5649 2609 5787 2656 29719
5648 2660 5795 2702 10765
5649 2793 5778 2841 19255
5644 2841 5769 2887 54960
5644 2888 5773 2932 16613
5649 2935 5765 2974 16242
5638 2980 5769 3024 41893
5638 3026 5766 3070 13424
5635 3071 5768 3119 17583
5605 3207 5756 3252 123901
5622 3301 5746 3342 35986
5619 3347 5746 3389 24464
5613 3434 5747 3484 29070
5602 3485 5742 3527 14664
5599 3529 5737 3575 29588
5826 2573 5956 2615 1907
5820 2619 5947 2664 32870
5822 2667 5948 2709 11359
5815 2801 5932 2845 18205
5811 2850 5941 2892 57159
5809 2893 5934 2939 16073
5807 2942 5933 2983 17499
5806 2986 5940 3033 46334
5803 3031 5932 3076 17070
5796 3078 5920 3123 22221
5777 3214 5916 3260 134347
5783 3288 5908 3353 26655
5784 3350 5909 3395 25467
5782 3442 5908 3490 33833
5779 3489 5905 3537 17788
5774 3537 5905 3582 43913
5993 2579 6111 2621 1908
5992 2624 6111 2672 1554
6024 2674 6109 2716 507
5989 2794 6110 2854 209
5993 2855 6097 2900 2827
5974 2900 6104 2946 526
5972 2949 6090 2990 500
5977 2992 6094 3040 5125
6000 3042 6098 3084 826
5966 3086 6084 3128 3248
5975 3224 6077 3270 9319
5969 3312 6076 3358 1160
5974 3362 6067 3401 1061
5939 3442 6071 3500 12634
5962 3499 6070 3543 2527
5944 3543 6063 3585 9373
6003 2456 6281 2522 davon wieder
6022 2517 6248 2565 ausgeführt
6149 2586 6281 2629 1907
6148 2632 6286 2680 2245
6192 2683 6280 2723 550
6180 2815 6269 2860 225
6160 2862 6268 2909 3004
6173 2911 6268 2955 694
6186 2956 6254 2995 716
6150 3002 6260 3045 6503
6157 3050 6278 3094 1185
6149 3094 6274 3138 4015
6112 3211 6253 3275 10708
6113 3282 6245 3365 1094
6142 3371 6238 3415 1160
6108 3461 6234 3504 12325
6121 3506 6232 3548 3384
6102 3550 6234 3592 12963
6345 2458 6658 2515 im Vereinigten
6384 2500 6619 2559 Königreiche
6396 2551 6596 2597 verblieben
6324 2593 6472 2637 1908
6333 2642 6492 2691 28165
6334 2687 6465 2731 10258
6329 2818 6454 2871 19046
6320 2869 6452 2917 52133
6307 2916 6457 2961 16087
6326 2960 6473 3013 15742
6314 3008 6447 3053 36768
6313 3058 6442 3098 12598
6298 3101 6442 3145 14335
6285 3239 6434 3282 114582
6300 3327 6428 3376 34826
6296 3377 6421 3420 23403
6296 3470 6420 3511 16436
6291 3514 6421 3556 12137
6294 3560 6407 3599 20215
6516 2601 6656 2645 1907
6513 2651 6652 2691 30625
6510 2697 6649 2742 10809
6514 2836 6638 2878 17980
6510 2880 6637 2924 54155
6506 2922 6635 2969 15379
6494 2972 6632 3014 16783
6499 3017 6624 3063 39831
6491 3066 6628 3105 15885
6479 3103 6650 3163 18206
6474 3248 6619 3292 123639
6486 3339 6605 3382 25561
6474 3384 6612 3428 24307
6479 3477 6607 3520 21508
6477 3521 6606 3564 14404
6481 3568 6604 3608 30950.
6744 2419 6844 2462 1907
6755 2184 6861 2235 1892
6750 2234 6858 2277 1895
6753 2282 6850 2321 1900
6753 2324 6848 2368 1905
6748 2372 6846 2414 1906
6747 2466 6842 2506 1908
6956 1883 7129 1957 1 — 4
6914 1982 7134 2060 Lohn bis
6945 2055 7114 2116 2,60 ℳ
6969 2189 7108 2243 23 666
6971 2244 7106 2292 26 496
6969 2291 7109 2333 13 758
6972 2333 7102 2381 18 093
6969 2384 7090 2427 16 421
6966 2431 7092 2472 14 697
6962 2474 7092 2520 15 542
7280 1816 7629 1886 Lohnklaſſe
7198 1891 7427 1972 5 — 7
7205 2000 7423 2054 Lohn über
7232 2054 7393 2099 2,60 ℳ
7184 2095 7424 2150 bis 3,80 ℳ
7248 2218 7401 2259 50 549
7252 2261 7401 2306 58 642
7256 2304 7400 2347 41 560
7246 2351 7390 2392 44 180
7254 2397 7384 2441 36 959
7244 2441 7379 2484 24 937
7247 2487 7395 2533 23 844
7531 1921 7678 1976 8 — 10
7495 2011 7719 2069 Lohn über
7530 2065 7688 2110 3,80 ℳ
7478 2106 7721 2161 bis 5,00 ℳ
7550 2223 7688 2269 54 433
7550 2272 7688 2315 62 921
7544 2314 7688 2359 57 528
7543 2359 7683 2405 87 393
7543 2405 7690 2452 69 780
7538 2455 7681 2499 59 601
7544 2500 7671 2540 63 869
7781 1935 7939 1991 11 — 13
7757 2033 7961 2096 Lohn über
7767 2093 7927 2151 5,00 ℳ
7799 2239 7927 2280 16 299
7796 2285 7927 2326 11 512
7778 2326 7929 2373 122 380
7770 2374 7921 2418 120 033
7754 2418 7918 2465 163 571
7753 2464 7917 2508 210 076
7761 2507 7921 2554 240 070
7984 1893 8155 2129 Zuſammen
7968 2244 8125 2290 144 947
7969 2291 8127 2336 159 571
7966 2335 8133 2380 235 226
7961 2379 8158 2430 269 699
7958 2424 8116 2471 286 731
7959 2473 8111 2518 309 311
7956 2516 8126 2562 343 325.
