10184 7736
617 532 1992 634 laut der Kabinettsorder dieſer Auffaſſung Vorſchub leiſten. Denn
618 593 1990 691 ſie handelt von Privatperſonen, die ſich mit dem Unterricht
625 659 1992 749 „gewerbsweiſe“ beſchäftigen wollen, und die „ein Gewerbe daraus
620 713 1994 802 machen“, Lehrſtunden zu geben. Dieſe ſollen ohne ein Zeugnis nicht
621 770 1993 862 zur Erteilung von Lehrſtunden „als zu einem Gewerbe“ zugelaſſen
623 830 1995 913 werden. Dennoch iſt nicht anzunehmen, daß hier der Betrieb eines
624 888 1995 972 Gewerbes in dem oben gekennzeichneten Sinne der Gewerbeordnung,
626 938 1997 1031 d. h. zum Zwecke des Erwerbes, ausſchließlich gemeint ſei. Viel⸗
624 1010 1762 1089 mehr iſt dabei, wie übereinſtimmend angenommen wird,
579 1083 1382 1143 — es wird nun die Literatur zitiert —
627 1112 1999 1203 eine gewerbliche Tätigkeit im Sinne der Gewerbeordnung,
630 1172 2003 1261 insbeſondere die Unterrichtserteilung gegen Bezahlung, nicht
631 1234 2004 1321 vorausgeſetzt. Das geht ſchon daraus hervor, daß in
622 1289 2005 1374 der Kabinettsorder der Betrieb einer Privatſchule ohne
638 1346 2005 1436 Einſchränkung als ſtets ein Gewerbe darſtellend behandelt wird.
635 1403 2006 1491 Mit der Kabinettsorder ſollten nach dem Wortlaut die §§ 83
640 1463 2007 1547 bis 86 des Gewerbepolizeigeſetzes vom 7. September 1811 wieder
637 1519 2008 1609 aufgehoben werden, welche gewiſſen Perſonen, die nach §§ 3 und 8
637 1579 2009 1662 Titel 12 Teil II des Allgemeinen Landrechts einer Genehmigung
644 1635 2009 1719 oder Erlaubnis bedurften, die Befreiung von Erlaubnis und Ge⸗
643 1694 2011 1780 werbeſchein gewährt hatten; und es ſollten ſtatt deſſen die Erforder⸗
647 1750 2011 1840 niſſe der §§ 3 und 8 Titel 12 Teil II des Allgemeinen Landrechts
643 1847 1134 1895 wiederhergeſtellt werden.
597 1862 2020 1954 Dieſe Ausführungen des Oberverwaltungsgerichts zeigen mit aller
597 1923 2015 2012 Deutlichkeit, daß die Angriffe des Herrn Abg. Liebknecht gegen die
599 1984 2015 2066 Unterrichtsverwaltung bezüglich dieſes Punktes völlig unrichtig ſind.
599 2061 1482 2132 (Abg. Dr. Liebknecht: Nicht im geringſten.)
694 2106 2018 2182 Nun iſt Herr Abg. Liebknecht wieder auf die Fälle eingegangen,
602 2161 2018 2241 in denen Zuwiderhandelnde mit Exekutivſtrafen belegt worden
603 2223 2019 2305 ſind. Meine Herren, Sie müſſen ſich dabei doch vergegen⸗
602 2273 2020 2361 wärtigen, wie die Dinge ſich zutragen. Wenn eine Perſönlichkeit,
605 2330 2023 2418 ohne im Beſitz eines Unterrichtsſcheins zu ſein, Unterricht
608 2394 2022 2472 erteilt und das zur Kenntnis der Behörde kommt, dann wird gegen
605 2448 2024 2535 ihn nicht ſofort mit Strafen vorgegangen, ſondern er bekommt eine
606 2507 2024 2593 Verfügung, in der ſteht: Sie haben ohne den vorſchriftsmäßigen
609 2566 2024 2646 Erlaubnisſchein Unterricht erteilt, dazu ſind Sie nicht befugt, unter⸗
614 2624 2027 2709 laſſen Sie das, denn ſonſt, wenn Sie es weiter führen, wird Ihnen
615 2684 2028 2761 eine Strafe auferlegt werden. Alſo, der einzelne iſt durchaus ge⸗
610 2742 2031 2819 warnt; er iſt in der Lage, ſich vor der Strafe zu bewahren, indem er
610 2791 2031 2880 der Verfügung entſpricht, oder aber er hat die Möglichkeit,
614 2854 2040 2940 Beſchwerde einzulegen, wenn er glaubt, durch dieſe Verfügung be⸗
614 2950 925 3001 ſchwert zu ſein.
709 2971 2035 3051 Wie haben es denn nun aber dieſe Herren gemacht? Sie haben
617 3027 2036 3111 ohne weiteres den Unterricht weiter erteilt. (Hört, hört! rechts. —
616 3084 2037 3176 Abg. Hoffmann: Stimmt auch nicht!) Alſo haben ſie es ſich ſelbſt
618 3146 2039 3235 zuzuſchreiben, wenn nun die Behörden eine neue derartige Verfügung
619 3198 2039 3290 erlaſſen, und auf dieſe Weiſe ſind die in der Tat ſehr hohen Strafen
619 3264 2040 3347 entſtanden. Die Betreffenden haben ſich einfach über die ihnen von
622 3322 2041 3402 den Behörden innerhalb ihrer Zuſtändigkeit zugeſtellten Verfügungen
620 3373 2044 3464 hinweggeſetzt. (Hört, hört! rechts.) Da waren die Behörden doch
622 3435 2043 3520 auch durchaus berechtigt und verpflichtet, ihre Anordnungen durchzu⸗
624 3493 2047 3584 ſetzen (ſehr richtig! rechts), und ſo ſind denn ſchließlich die hohen
626 3588 1026 3635 Strafen entſtanden.
724 3630 1427 3694 Im übrigen hat Herr Abg. Dr. Li
629 3665 2054 3751 müſſen, um ſeine Ausführungen zu illuſtrieren, die drei, vier Jahre
635 3724 2052 3817 zurückliegen. Namentlich weiſe ich darauf hin, daß der eine Herr in
632 3776 2053 3866 Oberſchleſien, der in dem polniſchen Geſangverein tätig war, ſchon
633 3839 2055 3930 geſtorben iſt. (Heiterkeit — Abg. Liebknecht: Das iſt nicht wahr.)
632 3897 2055 3985 Der Herr iſt ausgewandert, als die hohe Strafe an ihn kam, und iſt
1433 3604 2052 3665 ebknecht auf Fälle zurückgreifen
635 3987 1205 4039 dann im Ausland geſtorben.
730 4016 2059 4094 Nun werden dieſe Vereine als ſo harmlos hingeſtellt. Meine
636 4075 2061 4159 Herren, wer Oberſchleſien kennt, wird wiſſen, was dieſe polniſchen
639 4133 2062 4218 Geſangvereine bedeuten. (Sehr richtig! rechts.) Es ſind politiſche
643 4189 2064 4278 Organiſationen, die verſuchen, unter dieſem harmloſen Mantel
642 4249 2065 4337 großpolniſche Propaganda zu treiben. (Sehr richtig! rechts.)
642 4304 2067 4392 Darüber kann kein Zweifel ſein. Ja, ſie ſind ſogar ſo deutlich
643 4366 2068 4451 ſelbſt in ihren Statuten geworden, daß ſie in dieſe einen Paragraphen
645 4426 2068 4510 aufgenommen haben: Politik iſt nicht ausgeſchloſſen. (Hört, hört!
647 4487 2070 4564 rechts.) Alſo da kann kein Zweifel ſein, und ſo liegen all die Dinge.
745 4541 2072 4621 Meine Herren, wir greifen nicht Sie an, ſondern Sie greifen
650 4600 2074 4679 uns an; wir befinden uns auf dem Boden der Abwehr. Mit all der
650 4657 2075 4746 Propaganda, die ſie gegen unſere Jugend treiben, mit der Sie ſie
649 4705 2080 4804 zu ſich herüberziehen wollen, greifen Sie uns an! Dagegen wehren
650 4761 2080 4861 wir uns und dagegen müſſen wir uns wehren und werden wir uns
651 4823 2083 4919 wehren, ſolange unſere Mittel irgend dazu ausreichen. (Lebhafter
653 4883 1949 4979 Beifall rechts. — Rufe bei den Sozialdemokraten: Wir auch!)
754 4963 2087 5058 Abg. Tourneau (Zentr.): Der Kirche ſteht ein Aufſichts⸗
659 5011 2090 5104 recht über die Schule zu; dieſen Standpunkt hat das Zentrum ſeit
659 5058 2095 5158 jeher vertreten, und an ihm wird auch feſtgehalten. Nur ſo kann der
663 5105 2094 5200 chriſtliche Geiſt in der Schule erhalten werden. Darum treten
664 5151 2090 5247 wir der weiteren Durchführung des Rektorenſyſtems entgegen, wenn
668 5196 2096 5293 nicht Mittel und Wege gefunden werden, um den Einfluß der Kirche
665 5244 2098 5344 zu ſichern. In dieſem Sinne iſt auch eine Reſolution angenommen
667 5289 2098 5387 worden, und ich möchte die Regierung fragen, was ſie zur Er⸗
666 5339 2100 5436 füllung dieſer Wünſche des Hauſes getan hat. Ueberall, wo
669 5383 2099 5480 katholiſche Kreisſchulinſpektoren angeſtellt werden, läßt man die
668 5432 2098 5528 evangeliſchen Ortsſchulinſpektoren beſtehen, umgekehrt aber nicht.
675 5479 2100 5574 Wir Katholiken beanſpruchen gleiches Recht auch für uns. Bei der
672 5524 2102 5626 Neugründung von Kreisſchulinſpektionsſtellen müſſen wir ver⸗
672 5570 2101 5666 langen, daß die katholiſchen Schulen auch weiterhin von neben⸗
668 5619 2106 5716 amtlichen katholiſchen Inſpektoren revidiert werden. Wir haben
667 5665 2105 5762 zu dem Miniſter das Vertrauen, daß er die Wichtigkeit
673 5713 2109 5811 der Stellung der Kirche erkennt. Die Kirche iſt die Hüterin
675 5761 2110 5859 der Religion, und ohne Religion gibt es keine Zucht und
667 5807 2111 5906 Sitte. Darum muß dem Volke die Religion erhalten werden.
770 5849 2113 5946 Abg. Graf von Strachwitz (Zentr.): Die Sozialdemokratie
674 5901 2114 5998 will ſich mit allen Mitteln der Lehrerſchaft bemächtigen nach dem
674 5946 2112 6044 Grundſatz: wer die Schule hat, hat auch die Jugend und damit die
678 5991 2115 6086 Zukunft. Die Kirche, Schule, Landbevölkerung und Armee ſind die
676 6040 2115 6139 feſten Bollwerke, welche uns bis heute noch vor der völligen Ueber⸗
680 6087 2118 6183 flutung durch die Sozialdemokratie bewahren. In der Lehrerſchaft
679 6133 2119 6231 machen ſich aber leider antivatriotiſche und antireligiöſe Beſtrebungen
678 6181 2115 6274 breit. So ſchreibt ein Volksſchullehrer in der Zeitſchrift für frei⸗
676 6226 2120 6329 heitliche Erziehung „Roland“: „Die Lehrer müſſen ſich bemühen, den
677 6272 2114 6373 Kindern den Patriotismus auszutreiben und ihn in jeder Form bekämpfen.“
682 6321 2119 6420 Es iſt notwendig, wirklich mit Feuer und Schwert die Elemente aus⸗
680 6367 2122 6467 zurotten, die das Gift der Sozialdemokratie in die Schule tragen wollen.
680 6413 2125 6518 Ich freue mich, daß der Miniſter die Flugblätter der Sozialdemo⸗
681 6460 2128 6558 kratie zurückgewieſen hat. (Redner verlieſt Stellen aus den Flug⸗
683 6509 2128 6611 blättern, die in Hannover in den Schulen und in den Jugendheimen
684 6550 2130 6652 verteilt ſind, und worin beſonders gegen die Religion agitiert wird.)
685 6599 2134 6700 Die Schulaufſichtsbehörde kennt dieſe Art des Vorgehens, und es iſt
685 6645 2131 6749 zu hoffen, daß ſie die Konſequenzen daraus zieht und mit aller
685 6694 2131 6793 Energie dieſe Beſtrebungen bekämpft. Auf dem Preußiſchen
686 6738 2133 6843 Lehrertag in Hannover iſt die Aeußerung gefallen: Beſſer ein
2059 486 3467 580 ſozialdemokratiſcher Jugendverein als gar keiner. Noch be⸗
2059 534 3469 625 zeichnender iſt das Urteil der „Pädagogiſchen Zeitung“ über
2059 578 3472 669 dieſe Aeußerung. Wir wollen die Jugendpflege fördern zum Kampf
2061 629 3471 719 gegen die Sozialdemokratie und erwarten darin die Unter⸗
2062 666 3474 766 ſtützung der Lehrerſchaft. Ich bitte den Miniſter, dahin zu
2062 719 3475 803 wi ken, daß unſere nationale chriſtliche Volksſchule nicht in die Hände
2064 762 3477 850 der Sozialdemokratie fällt. Es iſt einmal das Wort gefallen, daß
2065 809 3478 894 die Sozialdemokratie nur eine vorübergehende Erſcheinung ſei. Das
2066 854 3479 942 iſt nicht der Fall, und die Schulaufſichtsbehörde darf nicht in
2067 899 3482 988 philoſophiſcher Ruhe über den Parteien ſtehen und zuſehen, wie die
2069 947 3483 1034 Lehrer antichriſtliche, ſozialiſtiſche Reden halten. Die Lehrer ſtehen
2069 990 3484 1078 noch auf dem monarchiſchen und chriſtlichen Standpunkt, aber doch iſt
2069 1038 3489 1127 es ſchon vorgekommen, daß ein Rektor auf dem Lehrertage offen für
2071 1082 3485 1174 die ſozialdemokratiſchen Jugendvereine eintrat. Wenn ich die Schul⸗
2073 1131 3485 1219 aufſichtsbehörde auffordere, ihr Augenmerk auf die Lehrer zu richten, die zur
2074 1174 3498 1260 Sozialdemokratie hinneigen, ſo bin ich dazu dadurch veranlaßt, daß die
2074 1220 3494 1311 Regierung in merkwürdiger Schwäche bisher nichts dagegen getan hat.
2076 1266 3496 1357 Ich möchte unſer Volk davor bewahren, daß es zur Revolution
2076 1312 3495 1396 kommt. Die Moabiter Krawalle haben uns gezeigt — (Präſident
2076 1363 3499 1447 Dr. Porſch: Sie entfernen ſich doch etwas zu weit von der
2077 1402 3496 1489 Sache.) Das Deutſche Reich wird hoffentlich ſtark genug ſein, die
2078 1453 3498 1536 Sozialdemokratie abzuwehren. Wir bedürfen eines ſtarken Mannes,
2078 1496 3500 1583 aber auch ein ſolcher kann überwunden werden, und deshalb müſſen
2079 1554 3185 1631 wir ſchon in der Schule auf unſere Jugend einwirken.
2191 1621 3513 1710 Miniſter der geiſtlichen und Unterrichtsangelegenheiten
2082 1703 2774 1762 D. Dr. von Trott zu Solz:
2181 1750 3505 1834 Meine Herren! Der Herr Abg. Graf Strachwitz hat der König⸗
2084 1810 3508 1895 lichen Staatsregierung den Vorwurf gemacht, daß ſie keine ent⸗
2085 1865 3511 1957 ſchiedene Stellung der Sozialdemokratie gegenüber einnehme, daß ſie
2085 1925 3513 2010 die Dinge laufen laſſe, wie ſie laufen, und daß ſie der Zunahme der
2087 1983 3514 2071 ſozialdemokratiſchen Einflüſſe überhaupt und in Sonderheit in der
2088 2039 3514 2126 Schulverwaltung nicht entgegentrete. Meine Herren, dieſe Aus⸗
2090 2096 3517 2186 führungen des Herrn Abg. Grafen Strachwitz ſind unbegründet, und
2091 2156 3518 2244 ich glaube dazu nur verweiſen zu dürfen auf die Diskuſſion, die un⸗
2091 2213 3521 2296 mittelbar vorher hier ſtattgefunden hat (ſehr richtig!), wo ich in der
2095 2268 3522 2358 heftigſten Weiſe von den Sozialdemokraten angegriffen worden bin,
2094 2327 3524 2412 weil ich alles tue, um ihre Einflußnahme auf die Schule und unſere
2096 2407 2894 2475 Jugend zu verhindern. (Sehr richtig!)
2196 2443 3527 2524 Ebenſo, meine Herren, iſt es nicht richtig, wie der Herr Abg.
2098 2502 3526 2587 Graf Strachwitz behauptet hat, daß ich zu den Vorgängen auf dem
2098 2558 3531 2644 Lehrertag in Hannover keine Stellung genommen hätte. Meine
2098 2614 3532 2707 Herren, ich darf an die Debatte erinnern, die darüber bei
2103 2672 3533 2758 der Generaldiskuſſion ſtattgefunden hat. Der Herr Abg. Graf
2102 2735 3535 2818 Strachwitz hat vielleicht die Güte, meine Rede in dem
2104 2793 3537 2879 ſtenographiſchen Bericht nachzuleſen. Da wird er finden,
2103 2849 3538 2938 daß ich eine ganz beſtimmte Stellung zu dieſer Frage
2106 2904 3537 2995 eingenommen und daß ich mich namentlich dahin ausgeſprochen habe,
2106 2964 3539 3048 daß ein Sozialdemokrat nicht Lehrer ſein könne. (Sehr richtig!
2109 3024 3539 3107 rechts.) Auch da iſt eine ganz beſtimmte Stellung von mir einge⸗
2111 3081 3544 3164 nommen worden. Er iſt nun aber in der Beurteilung der Vorgänge
2111 3139 3544 3227 in Hannover auch zu weit gegangen. (Sehr richtig! links.) Die Folge⸗
2114 3198 3545 3286 rungen, die er aus den Darlegungen, die in Hannover ſtattgefunden
2113 3255 3548 3342 haben, gezogen hat, ſind nicht zutreffend. Auch das habe ich damals
2115 3357 2305 3402 dargelegt.
2216 3372 3541 3457 In Verbindung mit dieſen Vorgängen in Hannover iſt der Herr
2119 3429 3553 3518 Abg. Graf Strachwitz auf eine Zeitſchrift gekommen, die in
2120 3489 3555 3572 Hamburg erſcheint. Er hat aus dieſer einen Aufſatz zitiert, der
2124 3548 3556 3629 in der verwerflichſten Weiſe über Vaterlandsliebe und Patriotismus
2125 3605 3559 3692 ſich ausläßt, und hat geglaubt, derartige Anſichten mit unſerer
2126 3664 3559 3746 Lehrerſchaft in Verbindung bringen zu müſſen. Meine Herren,
2127 3713 3563 3806 dieſe Zeitſchrift „Der Roland, Monatsſchrift für freiheit⸗
2128 3778 3561 3860 liche Erziehung in Haus und Schule“, erſcheint, wie erwähnt,
2130 3837 3562 3923 in Hamburg und wird herausgegeben von einem entlaſſenen
2133 3888 3565 3978 Bremer Lehrer (hört, hört! rechts), Heinrich Scharrelmann. Ein
2133 3953 3566 4035 anderer Artikel, der in derſelben Nummer enthalten iſt, iſt ebenfalls
2134 4012 3569 4094 von einem entlaſſenen Bremer verfaßt. Der Artikel, den der Herr
2136 4069 3570 4154 Graf Strachwitz hier beſonders hervorhob, iſt anonym erſchienen. Ich
2138 4128 3579 4211 denke, daß da doch noch ein gewiſſes Schamgefühl bei dem Verfaſſer
2141 4186 3573 4270 beſtanden hat; er hat es doch nicht gewagt, ſeinen Namen unter dieſen
2142 4247 3573 4328 unerhörten Artikel zu ſchreiben. Ich muß aber mit aller Beſtimmt⸗
2143 4304 3575 4387 heit jeden Zuſammenhang derartiger Ausführungen mit unſerer Lehrer⸗
2145 4360 3579 4450 ſchaft zurückweiſen. (Lebhafter Beifall bei den Nationalliberalen.) Ich
2146 4421 3581 4504 kann nicht annehmen, daß irgendwie derartige Gedanken, derartige
2148 4475 3585 4562 Auffaſſungen in unſerer Lehrerſchaft Platz gegriffen hätten. (Sehr
2150 4532 3583 4622 richtig! bei den Nationalliberalen.) Ich glaube, daß die Lehrerſchaft
2152 4589 3586 4679 mit Entrüſtung derartige Auffaſſungen von ſich abweiſt, und, ehe ich
2153 4650 3587 4741 nicht den ſtrikten Gegenbeweis erhalte, kann ich meinerſeits eine andere
2153 4727 2875 4802 Annahme nicht zulaſſen. (Bravo!)
2262 4794 2988 4872 Die Diskuſſion wird geſchloſſen.
2267 4887 2673 4947 Perſönlich bemerkt
2257 4917 3595 4996 Abg. Dr. Liebknecht (Soz.), daß der Miniſter ſeine Dar⸗
2163 4964 3598 5049 ſtellung des Falles des Herrn Koniecki als falſch bezeichnet habe, der
2159 5003 3598 5101 inzwiſchen verſtorben ſei. Er, der Redner, habe aber noch einen
2167 5084 2837 5142 Brief von ihm vom 14. Januar.
2272 5122 3605 5215 Die Beſoldungen der Schulräte werden bewilligt; die An⸗
2165 5175 3605 5273 träge Borchardt ſind der Unterrichtskommiſſion überwieſen
2167 5270 2338 5327 worden.
2268 5297 3610 5377 Vizepräſident Dr. Porſch bemerkt, daß der Präſident heute eine
2172 5340 3608 5430 Abendſitzung habe abhalten laſſen wollen, daß er aber, da heute abend
2174 5390 3603 5473 viele Kommiſſionsſitzungen angeſetzt ſeien, vorſchlage, jetzt noch bis
2175 5435 3611 5520 6 Uhr zuſammen zu bleiben und eine Abendſitzung für den nächſten
2172 5516 2592 5571 Dienstag vorzuſehen.
2287 5560 3607 5636 Unter den Ausgaben für die Kreisſchulinſpektoren
2177 5602 3614 5696 und Ortsſchulinſpektoren werden 13 neue haupt⸗
2182 5659 3612 5744 amtliche Kreisſchulinſpektorſtellen gefordert, und zwar in Rix⸗
2183 5708 3610 5797 dorf, Spremberg, Ueckermünde, Colberg, Landeshut, Lauban,
2184 5759 3610 5857 Eilenburg, Weißenfels, Nordhauſen, Karnförde, Stade, Iſer⸗
2187 5853 2537 5902 lohn, Hamborn.
2297 5885 3619 5965 Die Abgg. Aronſohn (fortſchr. Volksp.) u. Gen. be⸗
2184 5967 2458 6027 antragen:
2335 5990 3622 6082 „die Königliche Staatsregierung aufzufordern, die notwendigen
2233 6059 2804 6130 Maßnahmen zu treffen, um
2333 6093 3306 6174 a. die geiſtliche Ortsſchulinſpektion aufzuheben,
2335 6129 3628 6221 b. mit tunlichſter Beſchleunigung die nebenamtliche Kreis⸗
2407 6178 3626 6265 ſchulinſpektion durch die hauptamtliche zu erſetzen und hier⸗
2407 6224 3630 6311 für in erſter Linie im Dienſt der Volksſchule erfahrene
2404 6295 2847 6363 Männer zu berufen“.
2304 6342 3631 6436 Die Abgg. Dr. von Woyna (freikonſ.) u. Gen. be⸗
2197 6434 2469 6493 antragen:
2248 6462 3444 6553 „ 1) den Antrag der Abgg. Aronſohn u. Gen. abzulehnen,
2268 6507 3634 6597 2) die Königliche Staatsregierung zu erſuchen, künftig ausreichende
2342 6553 3634 6641 Mittel im Etat vorzuſehen, um Kreisſchulinſpektoren im
2344 6601 3635 6691 Hauptamt in den Kreiſen anzuſtellen, in denen aus ſchul⸗
2348 6647 3638 6732 wirtſchaftlichen, ſchultechniſchen oder nationalen Gründen ein
2348 6707 3323 6785 dringendes Bedürfnis hierzu hervorgetreten iſt“.
3634 433 4952 522 Abg. Dr. von Woyna (freikonſ.): Auf dem ſchul⸗ und dem
3546 476 4953 570 kirchenpolitiſchen Gebiete liegen die Grenzlinien, die die Konſervativen
3548 523 4958 611 von den Freikonſervativen trennen. Ich ſtelle das hier noch einmal
3549 572 4957 660 feſt, aber dieſer unſer Antrag hat keine programmatiſche Bedeutung.
3551 613 4958 701 Wir dürfen nicht einer Handvoll von Bildungsproletariern es überlaſſen,
3551 664 4967 755 ſich an unſerer Schule zu verſuchen, an deren Aufbau ſich jahrhundertelang
3552 704 4961 795 die beſten Köpfe der Nation abgemüht haben. Der Miniſter will
3554 746 4963 838 die Sozialdemokratie abwehren, es handelt ſich nicht allein um Ab⸗
3554 802 4965 886 wehr, ſondern um Notwehr; wir müſſen auf das äußerſte gegen
3556 842 4969 928 die Sozialdemokratie kämpfen. Die Sozialdemokraten ſtehen auf
3559 888 4968 974 internationalem Standpunkt. Von dieſem Gedanken geht unſer An⸗
3560 936 4967 1026 trag aus. Wir brauchen unter gegebenen Verhältniſſen die haupt⸗
3566 980 4972 1068 amtlichen Kreisſchulinſpektoren, gegen die Sozialdemokratie,
3566 1034 4974 1115 ferner gegen die däniſchen und polniſchen Beſtrebungen ſowie gegen par⸗
3571 1066 4977 1158 tikulariſtiſche Beſtrebungen in einzelnen Landesteilen, und ſchließlich
3571 1119 4978 1208 ſprechen für den Antrag ſchultechniſche Gründe. Große Schulſyſteme
3571 1167 4973 1247 kann ein Geiſtlicher im Nebenamt nicht mehr überwachen, da kann
3568 1209 4977 1300 ſich nur ein auf techniſchen Gebieten erfahrener Kreisſchul⸗
3570 1256 4975 1345 inſpektor das nötige Anſehen verſchaffen. In der Ortsſchulinſpektion
3572 1297 4980 1388 teilen wir den radikal ablehnenden Standpunkt der Freiſinnigen nicht;
3574 1348 4983 1431 wenn wir die geiſtlichen Ortsſchulinſpektoren ganz abſchaffen, würde
3575 1394 4987 1478 ein Vakuum eintreten. Wir finden oft auf dem Lande gar keine
3581 1441 4988 1526 andere Perſönlichkeit als den Geiſtlichen für die Schulinſpektion.
3577 1483 4989 1570 Alle dieſe Dinge können nicht an einem Tage erledigt werden; ich
3576 1534 4995 1614 würde damit einverſtanden ſein, wenn unſere Anträge der Budget⸗
3579 1614 4191 1662 kommiſſion überwieſen werden.
3670 1623 4995 1710 Abg. Hoff (fortſchr. Volksp.): Ich muß meinen Freund, den Rektor
3582 1673 4991 1759 Peters, gegen die Angriffe des Grafen Strachwitz in Schutz nehmen;
3581 1717 4987 1799 die Schule könnte ſich Glück wünſchen, wenn ſie viele ſolcher Männer
3583 1764 4994 1849 wie Peters hätte. Graf Strachwitz hat deſſen Aeußerung auf dem
3587 1811 5001 1893 Lehrertag in Hannover gar nicht richtig verſtanden; wenn er ge⸗
3586 1857 4998 1943 ſagt hat: „Lieber einen ſozialdemokratiſchen Jugendverein als gar
3589 1899 5001 1988 keinen“, ſo hat er damit nicht für die Sozialdemokratie ein⸗
3589 1949 5001 2031 treten, ſondern lediglich die Bedeutung der Jugendpflege betonen
3591 1994 5003 2076 wollen. (Präſident Dr. Freiherr von Erffa bittet den Redner,
3595 2042 5004 2124 nicht immer auf dieſe Sache zurückzukommen.) Wenn das Amt des
3593 2084 5003 2168 Lehrers ſchon ſchwer iſt, ſo iſt es das des Schulinſpektors noch viel
3595 2128 5007 2214 mehr. Nur die hauptamtliche Kreisſchulinſpektion kann dieſe
3595 2177 5008 2266 ſchwere Aufgabe genügend erfüllen. Der Antrag Woyna geht uns
3596 2226 5010 2307 nicht weit genug. Die geiſtliche Ortsſchulaufſicht muß ganz
3597 2268 5011 2358 aufgehoben werden. Der größte Teil der Lehrer ſteht auf dieſem
3600 2318 5016 2399 Standpunkt; das ſchreibt mir auch ein katholiſcher Lehrer aus
3600 2359 5016 2451 Schleſien. Gegen die chriſtliche Erziehung, gegen den Einfluß
3601 2408 5019 2491 der Kirche in der Schule richtet ſich unſer Antrag gar nicht,
3606 2453 5012 2539 der Abg Porſch hat in einer Verſammlung anerkannt, daß es in
3603 2499 5018 2584 dieſer Beziehung in der konfeſſionellen Schule in Preußen gut beſtellt
3606 2547 5017 2636 ſei. Wenn bei der neuen Verwaltungsreform der Landrat der Vor⸗
3605 2595 5022 2684 geſetzte des Lehrers würde, dann wäre das allerdings die ſchwerſte
3606 2637 5026 2729 Gefahr für den Lehrerſtand. Hoffentlich ſteht der Miniſter noch
3609 2683 5026 2769 auf dem Standpunkt des Miniſters Holle, daß mit der Ein⸗
3610 2728 5034 2816 richtung der Kreisſchulbehörde die Ortsſchulaufſicht fortfällt.
3615 2775 5035 2862 Wenn der Miniſter noch grundſätzlich auf dem Standpunkt ſteht —
3612 2821 5032 2910 das ging wenigſtens noch aus ſeiner jüngſten Rede hervor —, daß
3615 2867 5031 2952 Geiſtliche, die den Antimoderniſteneid geleiſtet haben, nicht
3617 2914 5035 3001 Unterricht in Religion und Geſchichte erteilen können, ſo
3617 2961 5031 3053 muß es erſt recht ausgeſchloſſen ſein, daß Leute, die den Anti⸗
3619 3008 5036 3093 moderniſteneid geſchworen haben, die Schulinſpektion ausüben.
3619 3054 5038 3140 Steht die Regierung nicht auf dieſem Standpunkt, ſo zeigt ſie,
3620 3100 5036 3187 daß ſie wohl die höheren Schulen ſchützen will, nicht aber die
3623 3191 3854 3233 Volksſchule.
3714 3194 5040 3279 Abg. Winckler (konſ.): Den im Titel geforderten haupt⸗
3622 3242 5036 3333 amtlichen Kreisſchulinſpektorenſtellen haben meine politiſchen
3626 3288 5038 3374 Freunde zugeſtimmt; das Material, das uns die Regierung gegeben
3625 3337 5044 3418 hat, hat uns von der Notwendigkeit dieſer Forderung überzeugt.
3626 3375 5055 3471 Die radikale Forderung der Freiſinnigen, die geiſtliche Orts⸗
3625 3424 5052 3517 ſchulinſpektion aufzuheben, lehnen wir ab. Aber auch dem Antrag
3629 3479 5053 3559 des Abg. Dr. von Woyna gegenüber müſſen wir erklären, daß wir
3637 3519 5055 3604 uns eine Prüfung von Fall zu Fall vorbehalten. In der praktiſchen
3636 3568 4968 3652 Betätigung ſtimmen wir mit dem Abg. Dr. von Woyna überein.
3726 3605 5058 3697 Abg. Dr. von Campe (nl.): Aus der Bezeichnung „geiſtliche
3636 3655 5058 3740 Ortsſchulinſpektion“ in dem Antrage der fortſchrittlichen Volkspartei
3635 3705 5056 3793 klingt eine gewiſſe Tendenz hervor: dieſes Wort müßte geſtrichen
3629 3749 5058 3838 werden. Dem zweiten Abſatz dieſes Antrages ſtimmen wir zu, wir
3636 3800 5061 3888 würden aber auch für den Antrag der Freikonſervativen ſtimmen, der
3631 3866 4377 3935 ſchließlich auf dasſelbe hinauskommt.
3732 3886 5063 3975 Abg. Tourneau (Zentr.) wünſcht unter Hinweis auf einen
3637 3927 5068 4025 Spezialfall ſowohl für die evangeliſchen Konfirmanden als auch
3643 3982 5064 4071 für die katholiſchen Erſtkommunikanten in der Provinz Sachſen
3644 4026 5060 4113 eine Verfügung, daß eine ausreichende Vorbereitung für
3644 4074 5062 4160 dieſes wichtigſte Ereignis des Lebens gewährleiſtet werde. Den
3646 4121 5064 4209 Antrag der fortſchrittlichen Volkspartei bitte er abzulehnen; die
3647 4159 5068 4254 Staatsregierung ſei nach dem Volksſchulunterhaltungsgeſetz ſehr wohl
3647 4215 5068 4304 in der Lage, trotz der Einführung des Rektorenſyſtems die geiſtliche
3650 4253 5075 4351 Ortsſchulaufſicht zu erhalten. Gegen die Ueberweiſung des frei⸗
3644 4300 5078 4402 konſervativen Antrags an die Budgetkommiſſion habe er nichts ein⸗
3649 4390 3846 4450 zuwenden.
3766 4422 4785 4487 Darauf wird ein Schlußantrag angenommen.
3766 4466 5075 4551 Die Ausgaben für die Schulaufſicht werden bewilligt, der
3657 4511 5075 4608 Antrag Aronſohn wird gegen die Stimmen der fortſchrittlichen
3660 4574 5076 4659 Volkspartei, der Sozialdemokraten und einiger Nationalliberalen
3659 4622 5078 4716 abgelehnt und der Antrag des Abg. Dr. von Woyna an die
3661 4705 4291 4769 Budgetkommiſſion verwieſen.
3769 4722 5082 4818 Schluß 5 ¾ Uhr. Nächſte Sitzung Sonnabend 10 Uhr.
3659 4797 4654 4886 (Fortſetzung der Beratung des Kultusetats.)
3696 4988 5061 5081 Geſundheitsweſen, Tierkrankheiten und Abſperrungs⸗
4245 5066 4520 5115 maßregeln.
3731 5116 5024 5203 Geſundheitsſtand und Gang der Volkskrankheiten.
3670 5171 5089 5266 (Aus den „Veröffentlichungen des Kaiſerlichen Geſundheitsamts“ Nr. 12
4162 5238 4613 5292 vom 20. März 1912.)
4324 5296 4443 5352 Peſt.
3768 5318 5096 5417 Britiſch Oſtindien. In den beiden Wochen vom 28. Januar
3671 5364 5096 5467 bis 10. Februar erkrankten in Indien 16 082 + 15 943 und ſtarben
3675 5416 5093 5511 13 789 + 13 601 Perſonen an der Peſt. Von den 27 390 Todes⸗
3678 5473 5090 5556 fällen kamen 11 590 auf die Vereinigten Provinzen (davon
3678 5508 5093 5598 4447 auf die Diviſion Benares), 4502 auf Bengalen (davon 49
3678 5552 5095 5650 auf die Stadt Kalkutta), 3177 auf die Präſidentſchaft
3683 5608 5090 5694 Bombay (davon auf die Städte Bombay und Karachi 23 und
3683 5655 5092 5742 31, auf die Süddiviſion 1554), 2871 auf die Zentralprovinzen,
3685 5697 5095 5789 1949 auf den Staat Hyderabad (davon 1737 auf die Stadt
3684 5744 5097 5836 Hyderabad mit Vorſtädten), 875 auf die Präſidentſchaft Madras,
3689 5788 5098 5884 797 auf das Punjabgebiet, 717 auf Zentralindien, 561 auf dem
3686 5833 5100 5926 Staat Myſore, 213 auf Burma (davon 32 auf die Stadt
3686 5883 5101 5975 Nangun), 127 auf Rajvutana mit Aimer Meerwara, 9 auf
3686 5927 5096 6026 Kaſchmir und je 1 auf Coorg und Oſtbengalen nebſt Aſſam.
3788 5976 5100 6064 Straits Settlements. In Singapore wurden vom
3692 6009 5098 6119 15. Januar bis 7. Februar 10 Erkrankungen und 8 Todesfälle fest⸗
3688 6113 3836 6170 geſtellt.
3789 6109 5106 6212 Hongkong. Vom 28. Januar bis 10. Februar in Viktoria
3695 6190 4459 6254 13 Erkrankungen mit 12 Todesfällen.
3793 6199 5099 6300 Britiſch Südafrika. Unter dem 9. Februar wird eine weitere
3694 6247 5102 6348 Erkrankung eines Eingeborenen aus Durban gemeldet. Der Erkrankte
3697 6315 4967 6395 hatte am Hafen in der Nähe des „Seuchenherdes“ gearbeitet.
3787 6342 5098 6446 Hawaii. Aus Honokaa wurden am 25. Februar 2 Peſttodes⸗
3698 6384 5110 6492 fälle gemeldet. Ebendaſelbſt und in Hilo wurden peſtinfizierte
3697 6489 4044 6538 Ratten gefunden.
4310 6519 4528 6566 Cholera.
3795 6530 5113 6644 Straits Settlements. In Kuala Semarak (Kela)
3703 6577 5110 6690 ſollen vom 11. bis 15. Januar 12 Erkrankungen und 7 Todesfälle
3703 6684 4081 6742 vorgekommen ſein.
5930 430 6201 478 Gelbfieber.
5447 473 6030 535 Es gelangten zur Anzeige in:
5445 520 6760 594 Mexiko. In Puerto Mexiko (Coatzocoalcos) am 28. Fe⸗
5341 561 5725 621 bruar 1 Todesfall;
5441 611 6753 682 Venezuela. In Caracas vom 1. bis 15. Januar 8 Er⸗
5342 654 6753 730 krankungen und 8 Todesfälle. Ferner wurde am 27. Februar das
5346 700 6426 772 Auftreten von Gelbfieber aus La Guaira gemeldet.
5962 812 6129 859 Pocken.
5434 853 6747 928 Deutſches Reich. In der Woche vom 10. bis 16. März
5335 900 6747 975 wurden 8 Erkrankungen (davon 5 bei ruſſiſchen Arbeitern) feſtgeſtellt,
5333 951 6746 1017 und zwar je 1 in Laurahütte nnd Michalkowitz (Landkreis
5329 988 6745 1061 Kattowitz), in Königshütte (Reg.⸗Bez. Oppeln), in Hakeborn
5330 1038 6743 1118 und Wolmirsleben (Kreis Wanzleben, Reg.⸗Bez. Magdeburg),
5327 1082 6742 1153 2 in Roitzſch (Kreis Bitterfeld, Reg.⸗Bez. Merſeburg) und 1 in
5325 1130 6290 1194 Holzthaleben (Schwarzburg⸗Sondershauſen).
5427 1178 6740 1247 Für die Vorwoche iſt nachträglich 1 Erkrankung aus Dürr⸗
5324 1219 6740 1292 menz⸗Mühlacker (Oberamt Maulbronn, Neckarkreis) mitgeteilt
5323 1273 5474 1304 worden.
5419 1313 6735 1381 Oeſterreich. Vom 3. bis 9. März 2 Erkrankungen in Trient.
5417 1358 6734 1431 Hongkong. Vom 28. Januar bis 10. Februar 88 Erkrankungen
5320 1403 6238 1466 (davon 53 in Viktoria) und 64 Todesfälle.
5885 1512 6156 1559 Fleckfieber.
5412 1551 6729 1626 Oeſterreich. Vom 3. bis 9. März 102 Erkrankungen in
5313 1599 6109 1657 Galizien und 1 in der Bukowina.
5924 1709 6122 1756 Typhus.
5407 1752 6725 1826 Portugal. In Liſſabon iſt Ende Februar der Typhus in
5307 1797 6724 1865 epidemiſcher Verbreitung ausgebrochen; im Hoſpital für anſteckende
5308 1845 6724 1910 Krankheiten ſollen ſich zufolge Mitteilung vom 6. März bereits über
5303 1891 6720 1959 400 Typhuskranke befinden, von denen 95 allein am Tage zuvor ein⸗
5303 1938 6720 2008 geliefert wurden. Es ſcheint eine Verſeuchung des Waſſerleitungs⸗
5303 1986 6719 2048 waſſers infolge der letzten Regengüſſe ſtattgefunden zu haben; dem
5303 2030 6719 2101 entſprechend ſind Warnungen vor dem Genuß ungekochten Waſſers
5301 2077 6593 2141 erlaſſen, auch wird ſteriliſiertes Waſſer behördlicherſeits verteilt.
5854 2179 6159 2227 Genickſtarre.
5393 2225 6713 2302 Preußen. In der Woche vom 3. bis 9. März ſind 5 Er⸗
5297 2271 6712 2346 krankungen in folgenden Regierungsbezirken (und Kreiſen) ge⸗
5295 2319 6711 2401 meldet worden: Landespolizeibezirk Berlin 1 (Berlin), Reg.⸗Bez.
5298 2366 6710 2439 Arnsberg 3 (Altena 2, Gelſenkirchen Land 1), Stade 1 (Geeſtemünde).
5680 2463 6320 2523 Spinale Kinderlähmung.
5383 2514 6706 2587 Oeſterreich. Vom 25. Februar bis 2. März 2 Erkrankungen
5294 2560 6047 2628 in 1 Gemeinde Niederöſterreichs.
5666 2665 6323 2717 Verſchiedene Krankheiten.
5378 2716 6700 2787 Pocken: Konſtantinopel (19. Februar bis 3. März) 22, Paris,
5290 2762 6699 2834 St. Petersburg je 2, Warſchau 18 Todesfälle; New York, Odeſſa
5281 2810 6696 2875 je 1, Paris 13, St. Petersburg 8, Warſchau (Krankenhäuſer) 33 Er⸗
5280 2855 6695 2929 krankungen; Varizellen: Nürnberg 20, Budapeſt 21, New York 253,
5281 2900 6693 2973 St. Petersburg 29, Wien 120 Erkrankungen; Fleckfieber: Moskau,
5280 2948 6690 3019 Odeſſa, St. Petersburg je 1 Todesfall; Odeſſa 53, St. Petersburg 6,
5277 2994 6690 3068 Warſchau (Krankenhäuſer) 2 Erkrankungen; Rückfallfieber: Odeſſa
5272 3038 6689 3112 21 Erkrankungen; Milzbrand: Reg.⸗Bez. Bromberg 1 Todesfall; Reg.⸗
5275 3086 6686 3158 Bez. Münſter 1 Erkrankung; Tollwut: Reg.⸗Bez. Magdeburg 4 Er⸗
5273 3133 6683 3205 krankungen; Influenza: Berlin 16, Charlottenburg 1, Kopenhagen 3,
5271 3182 6679 3250 London 23, Moskau 2, New York 10, Odeſſa 1, Paris 6,
5270 3225 6681 3301 St Petersburg 5 Todesfälle; Nürnberg 51, Kopenhagen 122,
5269 3272 6678 3340 Odeſſa 42, Stockholm 30 Erkrankungen; Genickſtarre: Konſtan⸗
5268 3321 6673 3388 tinopel (26. Februar bis 3. März) 1, New York 4 Todesfälle; New
5268 3365 6678 3435 York 2 Erkrankungen. Mehr als ein Zehntel aller Ge⸗
5267 3411 6677 3484 ſtorbenen iſt an Scharlach (Durchſchnitt aller deutſchen
5266 3456 6678 3526 Berichtsorte 1895/1904: 1,04 %) geſtorben in Bromberg, Gladbeck
5265 3507 6676 3569 — Erkrankungen wurden gemeldet im Landespolizeibezirk Berlin
5264 3550 6676 3621 205 (Stadt Berlin 123), in Breslau 25, in den Regierungs⸗
5260 3594 6671 3669 bezirken Arnsberg 131, Düſſeldorf 172, Potsdam 105, in
5258 3642 6670 3710 Hamburg 32, Budapeſt 70, Kopenhagen 23, London (Kranken⸗
5259 3688 6666 3758 häuſer) 161, New York 252, Paris 89, St. Petersburg 120,
5256 3734 6671 3806 Wien 91; an Maſern und Röteln (1895/1904: 1,10 %) ge⸗
5254 3779 6665 3856 ſtorben in Bremen, Ludwigshafen, Thorn — Erkrankungen
5255 3828 6664 3902 kamen zur Anzeige in Nürnberg 100, Hamburg 27, Buda⸗
5251 3873 6665 3945 peſt 98, Kopenhagen 119, London (Krankenhäuſer) 47, New York
5253 3921 6662 3992 616, Odeſſa 28, Paris 781, St. Petersburg 114, Prag 111,
5252 3965 6660 4036 Stockholm 83, Wien 514; an Diphtherie und Krupp (1895/1904:
5254 4015 6658 4081 1,62 %) geſtorben in Erfurt, Kaiſerslautern, Mülheim a. Rh.
5249 4060 6659 4126 — Erkrankungen wurden angezeigt im Landespolizeibezirk Berlin 206
5254 4105 6660 4179 (Stadt Berlin 147), in den Reg.⸗Bezirken Arnsberg 126, Magde⸗
5253 4153 6658 4229 burg 106, Potsdam 136, Schleswig 112, in Hamburg 99, Budapeſt
5251 4198 6655 4275 31, Kopenhagen 27, London (Krankenhäuſer) 131, New York 247,
5250 4245 6654 4315 Paris 60, St. Petersburg 72, Wien 62; an Keuchhuſten geſtorben
5249 4290 6655 4363 in Hamborn — Erkrankungen gelangten zur Meldung in Budapeſt
5247 4337 6651 4409 27, Kopenhagen 25, London (Krankenhäuſer) 47, New York 29,
5249 4382 6653 4458 Odeſſa 35, Wien 62; an Typhus (1895/1904: 0,46 %) geſtorben in
5247 4428 6651 4505 Lübeck — Erkrankungen wurden gemeldet in New York 57, Paris 46,
5248 4475 5632 4531 St. Petersburg 51.
5656 4616 6229 4684 Handel und Gewerbe.
5243 4685 6645 4756 (Aus den im Reichsamt des Innern zuſammengeſtellten
5246 4729 6644 4806 „Nachrichten für Handel, Induſtrie und Landwirtſchaft“.)
5449 4811 6425 4871 Einfuhr nach Chile mittels Poſtpakets.
5322 4864 6641 4932 Einem Berichte des öſterreichiſch⸗ungariſchen Generalkonſulats in
5240 4905 6640 4976 Valparaiſo iſt folgendes zu entnehmen: In den letzten Jahren hat die
5240 4952 6638 5027 Einfuhr nach Chile mittels Poſtpakets eine große Entwicklung er⸗
5238 4998 6637 5074 fahren, ſodaß es den Anſchein hat, als ob über kurz oder lang
5235 5050 6638 5119 angeſichts der Vorteile, die der ſogenannte Encargo à Europa
5236 5091 6635 5168 bietet, die beſſeren Klaſſen in einen noch ausgedehnteren
5237 5133 6636 5215 Verkehr mit den europäiſchen Lieferanten treten wollten. Die
5235 5192 6632 5258 größte Zunahme der Einfuhr durch die Poſt wird ſich natur⸗
5237 5241 6633 5304 gemäß in Modeartikeln, Kleidern, Hüten, künſtlichen Blumen
5234 5275 6633 5352 ſowie Leinen⸗ und Textilwaren bemerkbar machen. Heute liegt der
5228 5323 6628 5400 Poſtpaketimport in den letztgenannten Warengruppen faſt ausſchließlich
5230 5377 6626 5444 in den Händen der großen Pariſer Warenhäuſer. Dieſe ſenden in
5232 5410 6628 5491 ſpaniſcher Sprache verfaßte Kataloge heraus, die entweder im Zollamt
5231 5461 6625 5536 in Santiago und auf der Poſt aufliegen und koſtenlos zur Ver⸗
5229 5507 6626 5583 fügung ſtehen oder aber mit der Poſt maſſenhaft direkt ver⸗
5230 5546 6629 5630 ſchick werden. In denſelben werden Artikel um Artikel in Wort
5228 5604 6622 5677 und Bild beſprochen und mit detaillierten Preisangaben verſehen,
5227 5646 6621 5720 ſo daß ein Irrtum bei Ausführung des Auftrags beinahe aus⸗
5226 5695 6623 5768 geſchloſſen iſt. Die Beſtellung erfolgt ſeitens der chileniſchen Kund⸗
5224 5730 6623 5815 ſchaft entweder direkt oder durch die Agenten, welche die Pariſer
5219 5782 6619 5863 Häuſer in letzter Zeit, nachdem der Verkehr einen ſo großen Aufſchwung
5221 5824 6619 5908 angenommen hat, in Valparaiſo etabliert haben. Gewöhnlich wird
5221 5876 6614 5956 ein Drittel des Betrages der Rechnung bei Aufgabe der Beſtellung
5221 5921 6615 6001 mitgeſandt und der Reſt bei Ankunft des Pakets mittels Nachnahme
5222 5963 6618 6049 eingeholt oder aber auch der ganze Betrag mit Nachnahme bezahlt.
5219 6008 6615 6095 Trifft die Sendung in Santiago ein, ſo erfolgt die Verſtändigung
5223 6052 6614 6141 des Beſtellers durch die Zollbehörde und durch eine Bekanntmachung
5219 6098 6616 6188 in der Zeitung, wobei gleichzeitig die Höhe des zu entrichtenden
5217 6146 6612 6236 Einfuhrzolles veröffentlicht wird. Der Käufer hat ſodann im Poſt⸗
5216 6193 6611 6282 zollamt Zoll und Nachnahme zu erlegen und erhält das Paket aus⸗
5217 6239 6609 6326 gehändigt; will er ſich aber überzeugen, ob alle Gegenſtände richtig
5215 6284 6609 6375 angekommen ſind, ſo wird das Paket von ihm in Gegenwart eines
5213 6332 6605 6418 Beamten der Zollbehörde geöffnet, und der Käufer kann ſeine Re⸗
5214 6383 6612 6467 klamationen vorbringen. Nimmt er aus irgend einem Grunde die
5215 6425 6605 6507 Sendung nicht an, ſo wird ihm der hinterlegte Zoll und Nachnahme⸗
5214 6473 6604 6553 betrag zurückerſtattet; jedoch werden die Portoauslagen für die Rück⸗
5213 6517 6603 6606 beförderung des Pakets zurückbehalten und letzteres wird vom Poſt⸗
5213 6571 6603 6651 zollamt an den Abſender zurückgeſandt. Das Riſiko für den Lieferanten
5211 6617 6604 6706 wird ſich weſentlich verringern, falls er einen Vertreter auf dem Platze
6830 450 8223 524 hat, der 1. bei Schwierigkeiten interveniert und 2. im Falle der Nicht⸗
6829 496 8222 575 einlöſung der Sendung dieſelbe übernimmt, um ſie ſodann en detail zu
6824 536 7562 605 verkaufen. (Handelsmuſeum, Wien.)
6873 700 8172 782 Abſatzgelegenheit für Zündholzverpackungsmaſchinen
7378 765 7663 813 nach Japan.
6914 809 8215 877 Der Wert der japaniſchen Zündholzfabrikation beträgt etwa
6821 853 8213 930 7 Millionen amerikaniſche Golddollars. Faſt die geſamte Pro⸗
6819 900 8212 973 duktion rührt aus dem Diſtrikt von Kobe her und wird meiſtenteils
6818 946 8212 1022 nach China ausgeführt. Die Herſtellung dieſes für Japan äußerſt
6816 992 8208 1064 wichtigen Handelsartikels findet meiſtens im Handbetrieb ſtatt, ins⸗
6817 1036 8207 1111 beſondere die Herſtellung der Streichholzſchachteln und das Ver⸗
6813 1084 8206 1162 packen der Zündhölzer. Seit einiger Zeit iſt dieſer Induſtriezweig
6814 1129 8206 1202 indeſſen nicht ſehr lohnend. Der Wettbewerb zwiſchen den zahl⸗
6814 1176 8205 1252 reichen Geſellſchaften, die ſich mit der Anfertigung von Zündhölzern
6811 1219 8205 1294 befaſſen, ſowie die fortgeſetzte Steigerung der Löhne haben die er⸗
6809 1266 8202 1341 zielten Gewinne erheblich verringert. Um die Fabrikationskoſten zu
6809 1314 8201 1388 vermindern, hatten die Fabrikanten ſich bereits nach Maſchinen umge⸗
6804 1353 8201 1433 ſehen, die zur Verpackung der Zündhölzer in die Schachteln dienen
6804 1401 8201 1474 ſollten. Die bisher bekannt gewordenen Maſchinen ſind indeſſen hier
6806 1449 8199 1528 für nicht geeignet befunden worden, da ſie einmal zu teuer, andererſeits
6804 1498 8197 1564 aber auch ihre Bedienung für die einfachen Arbeiter zu kompliziert war.
6895 1543 8196 1611 Verlangt wird eine billige und einfache Maſchine, deren
6800 1586 8195 1658 Bedienung der gewöhnliche Arbeiter leicht erlernen kann und
6801 1634 7620 1695 die nicht leicht in Unordnung gerät.
7203 1691 8147 1753 (Nach Daily Consular and Trade Reports.)
7203 1876 7779 1929 Konkurſe im Auslande.
7371 1939 7615 1983 Finnland.
6884 1984 8186 2054 Inſtällelſedag (Termin zur Anmeldung und Prüfung der
6788 2022 8189 2099 Forderungen; Verluſt der Forderung bei nicht ordnungsmäßiger
6795 2070 8188 2149 Anmeldung). Die Annahme eines kundigen Vertreters, zum Beiſpiel
6790 2120 8094 2185 eines Anwalts, iſt für ausländiſche Gläubiger nicht zu entbehren.
6867 4614 7750 4670 Zahlungseinſtellungen liegen vor von:
6816 4671 8125 4738 Hattu⸗ ja Lakkikauppa Matti Aho, Kriſtineſtad; Niilo Suominen,
6723 4716 8124 4781 Kaufmann, Lahtis; Aug. Wiinikainen, Kaufmann, Suonenjoki;
6720 4762 8124 4825 Ingenieur Göſta Matthias Michelsſon, Helsingfors; der Firma
6717 4808 8124 4872 K. J. Åberg & Co., Beſitzer Karl Aho, Salo; der Firma
6720 4858 8127 4919 H. Leino, Willmanſtrand; J. N. Nironen, Kaufmann, Helsingfors;
6716 4901 8124 4964 Lahden Sähkötoimiſto, Gunnar Ahfeldt, Lahtis; V. Mätto, Kauf⸗
6714 4946 8126 5013 mann, Kouvola; Mikko Seppänen, Kaufmann, Sordavala; Johan
6714 4993 8125 5058 Löytänä, Lederhändler, Tammerfors; Alekſanteri Möttönen, Kauf⸗
6715 5036 8123 5108 mann, Perho; A. W. L. Salin, Schriftſteller, Helsingfors; Osk.
6715 5080 8122 5155 Johansſon, Kaufmann, Tammerfors; den Firmen „Johansſon &
6716 5131 8115 5198 Ohlsſon“ und „Bilbolaget Johan W. Johansſon & Co.“ ſowie deren
6714 5177 8114 5245 Inhaber John Jvar Waldemar Johansſon, Carl Gunnar Ohlsſon
6712 5229 8113 5298 und Olle Carlsſon, Åbo; der Firma J. & F. Wiitanen ſowie deren
6711 5274 8113 5339 Teilhaber Into Arvid und Frans Emanuel Wiitanen, Nyſtad;
6710 5316 8117 5387 Taavetti Salminen, Kaufmann, Tammerfors; E. J. Forsman,
6710 5361 8120 5431 Drogiſt, Kuopio; A. F. Lindroos, Kaufmann, Ekenäs; Seitun Ujaſten
6703 5408 8121 5479 Oſuuskauppa r. l., Waſa; Mikko Ketomäki, Kaufmann, Waſa; Lauri
6701 5455 8114 5526 Louhi, Kaufmann, Waſa; Alahärmän oſuuskauppa r. l., Waſa;
6701 5503 8110 5574 Katharina Tarvonen, Händlerin, Iypäskylä; Nordman & Ahlſtröm,
6698 5548 8110 5621 Kaufleute, Waſa; Juho Mäki, Kaufmann, Waſa; G. V. Moberg,
6700 5597 8111 5664 Bankbeamter, Waſa; N. Deniſoff, Kaufmann, Walkeakoski; Selim
6700 5640 8109 5713 Forsberg, Glaſermeiſter, Åbo; Rautakauppa Oſakeyhtiö, Tammerfors;
6696 5694 7521 5748 Jarl Calonius, Kaufmann, Tammerfors.
6797 5844 8003 5903 Wagengeſtellung für Kohle, Koks und Briketts
7155 5902 7640 5946 am 22. März 1912:
7182 5958 7937 6012 Ruhrrevier Oberſchleſiſches Revier
7302 6006 7672 6055 Anzahl der Wagen
6833 6043 7746 6096 Geſtellt 25 002 11 730
6831 6090 7745 6144 Nicht geſtellt — —
6780 6241 8092 6300 Aus Geſchäftsberichten von Hypothekenbanken über
6685 6287 8088 6347 das Jahr 1911. — Die Preußiſche Centralbodenkredit⸗
6685 6334 8089 6396 geſellſchaft, Berlin, hatte Ende 1911: 962,2 (1910: 915) Mill.
6685 6378 8088 6448 Mark Pfandbriefe und Kommunalobligationen in Umlauf, dagegen
6683 6425 8088 6492 beſaß ſie 1010,5 (1910: 964) Mill. Mark Hypotheken und Kom⸗
6682 6474 8090 6539 munaldarlehen. Von den Hypotheken entfallen 256,1 Mill. Mark auf
6683 6519 8087 6585 ländliche, 562,8 Mill. Mark auf ſtädtiſche. Der Oertlichkeit nach
6681 6566 8086 6632 entfällt der Hauptbeſtand auf Preußen mit 767,3 Mill. Mark, davon
6680 6612 8087 6680 auf Berlin und Vororte 183,7 Mill. Mark. Der Gewinn beträgt
6678 6659 8085 6731 5,88 Mill. Mark, wovon 9 ½ % Dividende bezahlt werden. — Bei der
8294 484 9671 572 Deutſchen Hypothekenbank Berlin waren im Hypotheken⸗
8292 533 9669 620 regiſter eingetragen Ende 1911: 274,01 Mill. Mark. Ausgeliehen
8292 587 9666 666 waren: auf ſtädtiſchen Grundbeſitz 260,95 Mill. Mark, auf
8290 620 9664 708 landwirtſchaftlichen Grundbeſitz 14,38 Mill. Mark. Hypotheken⸗
8288 671 9664 759 pfandbriefe waren im Umlauf Ende 1911: 264,5 Mill. Mark
8285 716 9662 799 (1910: 252,3 Mill. Mark). Die Dividende betrug 8 %. —
8285 761 9658 849 Bei der Deutſchen Grundkredit⸗Bank zu Gotha ſtellte ſich
8285 808 9656 894 der Reingewinn des Geſchäftsjahres 1911 auf 2 246 198 ℳ und ge⸗
8284 853 9658 933 ſtattet neben den üblichen Rücklagen die Verteilung einer Dividende
8281 902 9656 984 von 9 % wie im Vorjahre. Die Bank bewilligte 58 hypothekariſche
8280 944 9655 1034 Beleihungen mit insgeſamt 32,2 Mill. Mark zum Durchſchnittszins⸗
8279 989 9655 1072 fuße von 4,436 %. Durch Tilgung und Rückzahlung floſſen 25,4 Mill.
8277 1037 9655 1118 Mark zurück, ſodaß ſich der geſamte Hypothekenbeſtand von 324,8 Mill.
8277 1082 9655 1164 Mark um 21,4 Mill. Mark auf 346,3 Mill. Mark erhöhte. Zur
8275 1128 9654 1208 Bedeckung der Hypothekenpfandbriefe waren am 30. Dezember 1911
8274 1173 9656 1254 abzüglich der getilgten Beträge 338,5 Mill. Mark Hypotheken
8274 1222 9655 1296 in das Hypothekenregiſter eingetragen. Davon entfallen 2224
8272 1261 9654 1342 Beleihungen auf ſtädtiſche Grundſtücke mit 336 Mill. Mark.
8272 1311 9662 1388 Der Pfandbriefumlauf betrug Ende 1911: 327,3 Mill. Mark. —
8271 1357 9655 1439 Bei der Pfälziſchen Hypothekenbank in Ludwigshafen
8270 1404 9652 1479 am Rhein ergab ſich Ende 1911 ein Hypothekenbeſtand von 458 Mill.
8269 1449 9652 1524 Mark, mehr 22,3 Mill. Mark, Hypothekenpfandbriefe liefen Ende 1911
8267 1498 9654 1573 um 436,6 Mill. Mark, mehr 19 Mill. Mark. Der Reingewinn aus⸗
8267 1540 9652 1618 ſchließlich Vortrag beläuft ſich auf 3,08 Mill. Mark gegen 1910:
8260 1586 9652 1666 2,93 Mill. Mark. Das Geſchäftsergebnis geſtattet, bei entſprechenden
8264 1632 9654 1708 Rücklagen auf das mit 19 000 000 ℳ volleingezahlte Aktienkapital die
8264 1678 9651 1762 Verteilung einer 9 % igen Dividende wie in den Vorjahren zu beantragen.
8265 1725 9652 1800 — Bei der Deutſchen Hypothekenbank in Meiningen iſt der
8263 1770 9650 1849 Pfandbriefumlauf im Jahre 1911 um rund 33 Millionen Mark gegen
8262 1820 9649 1896 rund 22 Millionen im Vorjahre gewachſen. Von der Steigerung
8261 1864 9651 1935 entfällt der bei weitem größere Teil auf die erſte Jahreshälfte. Der
8259 1907 9650 1987 Reingewinn des Jahres 1911 beträgt 2 664 107 ℳ gegenüber
8257 1954 9649 2035 2 705 375 ℳ im Vorjahre. Die Dividende beträgt, wie in den letzten
8257 2002 9647 2077 dreizehn Jahren, 7 %. Insgeſamt waren 14 273 Darlehen im Be⸗
8256 2047 9648 2116 trage von 586,2 Millionen Mark zur Pfandbriefdeckung in das
8254 2087 9648 2160 Hypothekenregiſter eingetragen. Von den Deckungshypotheken ent⸗
8254 2137 9647 2206 fallen: 4,3 Millionen Mark auf landwirtſchaftliche Grund⸗
8253 2184 9651 2250 ſtücke, 581,9 Millionen Mark auf ſtädtiſche Grundſtücke. —
8252 2230 9647 2309 Bei der Sächſiſchen Bodencreditanſtalt in Dresden ſtellte
8250 2276 9647 2356 ſich der Reingewinn einſchließlich des Vortrags von 1910 auf
8250 2325 9647 2392 1 093 304,28 ℳ (gegen 1 017 709,96 ℳ im Vorjahre) und geſtattet
8248 2370 9646 2439 nach Vornahme der Rückſtellungen wieder die Verteilung von 7 %
8247 2415 9645 2480 Dividende. Der Geſamtbeſitz an Hypotheken, welcher Ende 1910
8248 2463 9644 2534 163 Mill. Mark betrug, iſt Ende 1911 auf 173,7 Mill. Mark ge⸗
8245 2506 9644 2578 ſtiegen. Zur Pfandbriefdeckung dienen, außer den im Hypotheken⸗
8242 2556 9642 2620 regiſter eingetragenen 2,48 Mill. Mark Staatspapieren, 171,3 Mill.
8242 2599 9642 2671 Mark Hypotheken, die auf ſtädtiſche Grundſtücke in Sachſen
8236 2643 9641 2718 (51,8 Mill. Mark) und in Preußen (119,4 Mill. Mark) mit erſtem
8239 2693 9641 2766 Rang eingetragen ſind und bis auf 419 200 ℳ auf fertigen,
8237 2741 9642 2806 ertragsfähigen Grundſtücken haften. Der Pfandbriefumlauf hat
8236 2783 9641 2851 ſich von 159,3 Mill. Mark am Schluſſe des Jahres 1910
8236 2830 9638 2905 auf 168,6 Mill. Mark Ende 1911 erhöht. — Die Baye⸗
8234 2877 9638 2953 riſche Hypotheken⸗ und Wechſel⸗Bank, München, er⸗
8233 2922 9635 3001 zielte für das Geſchäftsjahr 1911 einen Reingewinn von
8233 2970 9637 3036 9 849 293,92 ℳ (Vorjahr 9 038 946,75 ℳ). In der Bilanz erſcheint
8231 3015 9637 3085 ein Geſamtanlagekapital im Hypothekengeſchäft von 1130 Mill. Mark
8230 3065 9635 3130 ausgewieſen. Hiervon ſind 1114,5 Mill. Mark dem Deckungsregiſter
8230 3107 9633 3178 einverleibt. An freien Hypotheken beſtehen 15,6 Mill. Mark. Von
8230 3155 9632 3219 den erſteren entfallen: 239 Mill. Mark auf landwirtſchaftliche
8229 3199 9632 3267 Grundſtücke, 16,2 Mill Mark auf Bauplätze, 859,2 Mill. Mark auf
8226 3251 9629 3307 andere Grundſtücke. An Pfandbriefen liefen Ende 1911 um:
8228 3293 9629 3357 1105,6 Mill. Mark, gegenüber dem Umlaufe des Jahres 1910
8224 3340 9635 3410 mit 1062,4 Mill. Mark. Die Dividende beträgt 13 ½ %. —
8225 3383 9625 3453 Bei der Süddeutſchen Bodenkreditbank München ergab
8223 3429 9624 3500 ſich bei Jahresſchluß ein Geſamthypothekenbeſtand von 503,2 Mill. Mark.
8224 3476 9622 3546 Unter Kürzung der auf die Hypotheken des Hypothekenregiſters noch
8224 3526 9623 3597 auszuzahlenden Kapitalsreſte von 617 520 ℳ ſtellt ſich der Betrag
8224 3568 9624 3643 der als Pfandbriefdeckung dienenden Hypothekdarlehen der Bank auf
8224 3615 9625 3684 501 Mill. Mark. In Hypotheken auf landwirtſchaftlichen Grundbeſitz
8223 3659 9623 3722 ſind angelegt 66,3 Mill. Mark, in Hypotheken auf ſtädtiſchen Grund⸗
8219 3699 9627 3772 beſitz 435 4 Mill. Mark, und zwar unter letzteren auf unbebauten Grund⸗
8216 3745 9629 3818 ſtücken, Bauplätzen 1,9 Mill. Mark. Die Dividende beträgt 8 %. —
8215 3794 9624 3867 Bei der Neuen Boden⸗Aktiengeſellſchaft, Berlin, bezifferte
8216 3842 9627 3918 ſich der Beſtand an Hypotheken auf 25,9 Mill. Mark, mithin gegen
8216 3893 9613 3956 das Vorjahr mehr 417 170,12 ℳ. Die Transaktionen auf dieſem
8213 3938 9611 4009 Konto haben einen Nutzen von 211 464,56 ℳ ergeben. An Hypo⸗
8214 3984 9609 4051 thekenzinſen wurden vereinnahmt 1 108 750,37 ℳ. Der Geſamtbetrag
8213 4029 9611 4094 der Teilſchuldverſchreibungen ermäßigte ſich von 22 2 Mill. Mark
8211 4078 9614 4146 auf 22 Mill. Mark. Die Dividende beträgt 10 %. —
8206 4117 9610 4191 Bei der Norddeutſchen Grund⸗Kredit⸗Bank in Weimar
8205 4163 9609 4234 beträgt der Reingewinn für das abgelaufene Geſchäftsjahr 677 133 ℳ
8207 4210 9608 4281 (i. V. 666 380 ℳ) und geſtattet, die Verteilung einer Dividende von
8205 4256 9609 4327 6 % (wie im Vorjahr) in Vorſchlag zu bringen. Die am Jahres⸗
8203 4301 9607 4373 ſchluß in das Hypothekenregiſter eingetragenen, zur Deckung von Pfand⸗
8205 4350 9600 4419 briefen dienenden Hypotheken, nach Abzug aller Minderungen und
8201 4395 9602 4469 Rückzahlungen, betragen 99,8 Mill. Mark, davon laſten auf ſtädtiſchen
8201 4445 9348 4510 fertiggeſtellten Grundſtücken 1209 mit 98,2 Mill. Mark.
8290 4495 9606 4561 — In der geſtern abgehaltenen ordentlichen Generalverſammlung
8202 4543 9601 4605 der Oſtbank für Handel und Gewerbe, Poſen, in der
8200 4589 9597 4653 8 274 000 ℳ Aktien, laut Meldung des „W. T. B.“, vertreten waren,
8197 4638 9595 4699 wurde die Dividende auf 7 % feſtgeſetzt und der Antrag, das bisherige
8199 4681 9593 4744 Aktienkapital von 22 ½ Millionen um 4 ½ Millionen auf 27 Millionen
8199 4728 9593 4794 Mark zu erhöhen, genehmigt. Die Aktien ſollen den alten Aktionären
8198 4768 9599 4839 von dem Uebernahmekonſortium zum Kurſe von 118 % derart an⸗
8193 4814 9596 4885 geboten werden, daß auf 5000 ℳ alte Aktien 1000 ℳ neue Aktien
8193 4861 9593 4931 bezogen werden können und daß die erſte Einzahlung von 25 % zu⸗
8193 4910 9593 4976 züglich des Agios von 18 % am 1. April d. J., eine weitere Ein⸗
8190 4955 9593 5022 zahlung von 25 % am 1. Oktober d. J. erfolgen ſoll und die reſt⸗
8191 5001 9589 5069 lichen 50 % bis ſpäteſtens 31. Dezember d. J. nach Wahl des Auf⸗
8191 5054 8900 5102 ſichtsrats einberufen werden können.
8287 5102 9595 5166 — Laut Meldung des „W. T. B.“ betrugen die Einnahmen der
8196 5146 9585 5209 Luxemburgiſchen Prince Henri⸗Eiſenbahn in der zweiten
8192 5191 9582 5258 Märzdekade 1912: 234 740 Fr., gegen das Vorjahr 31 720 Fr. mehr.
8278 5239 9583 5301 New York, 22. März. (W. T. B.) In der vergangenen
8187 5284 9582 5346 Woche wurden 512 000 Dollars Gold und 224 000 Dollars Silber
8185 5331 9580 5387 eingeführt; ausgeführt wurden 1 675 000 Dollars Gold und
8183 5378 8706 5422 975 000 Dollars Silber.
8273 5424 9577 5486 New York, 22. März. (W. T. B.) Der Wert der in
8183 5470 9580 5527 der vergangenen Woche eingeführten Waren betrug 16 760 000
8181 5512 9574 5579 Dollars gegen 22 970 000 Dollars in der Vorwoche; davon für
8179 5563 9572 5618 Stoffe 3 011 000 Dollars gegen 3 175 000 Dollars in der Vorwoche.
8587 5718 9160 5767 Berliner Warenberichte.
8264 5776 9565 5836 Produktenmarkt. Berlin, den 23. März. Die amtlich
8176 5821 9564 5882 ermittelten Preiſe waren (per 1000 kg) in Mark: Weizen,
8175 5867 9561 5927 inländiſcher 210,00 — 211,00 ab Bahn, Normalgewicht 755 g 215,75
8171 5914 9560 5968 bis 216,50 — 216,25 Abnahme im Mai, do. 218 25 — 218,50 bis
8168 5960 9557 6014 218,25 Abnahme im Juli, do. 204,00 — 204,75 — 204,50 Abnahme im
8167 6006 8512 6053 September. Feſt.
8256 6054 9553 6113 Roggen, inländiſcher 185,00 ab Bahn, Normalgewicht 712 g
8167 6101 9550 6155 190,25 — 190,50 — 190,25 Abnahme im Mai, do. 192,50 — 192,75 bis
8167 6145 9548 6206 192,50 Abnahme im Juli, do. 175,00 — 174,75 Abnahme im Sep⸗
8163 6192 8498 6232 tember. Matter.
8251 6239 9548 6295 Hafer, Normalgewicht 450 g 194,50 — 194,00 Abnahme im
8161 6284 9203 6338 Mai, do. 194,25 — 194,50 Abnahme im Juli. Feſt.
8249 6326 8629 6377 Mais geſchäftslos.
8248 6372 9548 6438 Weizenmehl (per 100 kg) ab Bahn und Speicher Nr. 00
8157 6419 8602 6472 24,25 — 28,00. Ruhig.
8241 6468 9553 6530 Roggenmehl (per 100 kg) ab Bahn und Speicher Nr. 0
8159 6514 8744 6565 und 1 21,80 — 23,90. Ruhig.
8246 6563 9547 6621 Rüböl für 100 kg mit Faß 61,90 Brief Abnahme im
8153 6604 8617 6655 Oktober. Geſchäftslos.
6934 2177 7191 2237 Schuldner
6783 2267 7343 2328 Arttur Nurmi & Juho Alho,
6825 2313 7020 2367 Kaufleute
6780 2409 7225 2462 Frau Siiri Saarikivi
6778 2452 7321 2511 Guſtaf Wilhelm Seder⸗
6825 2503 7107 2554 holm, Tiſchler
6773 2594 7311 2651 Karl Fredrik Lindman,
6822 2641 7149 2694 Bauunternehmer
6770 2733 7310 2790 Järvenſivun Oſuuskauppa
6819 2782 7071 2831 yhdiſtys r. l.
6767 2867 7310 2925 Petter Kauttonen, Kauf⸗
6812 2933 6914 2960 mann
6760 3007 7306 3064 Die Firma Packalén &
6811 3060 7303 3111 Lagerqviſt und deren In⸗
6806 3106 7300 3152 haber, die Kaufleute Emil
6806 3152 7298 3202 Alexander Packalén und
6802 3198 7164 3251 Bernhard Ludvig
6799 3245 7213 3295 Johannes Lagerqviſt
6754 3286 7299 3345 Herman Mäkelä, Kauf⸗
6798 3350 6902 3377 mann
6753 3384 7295 3439 Karl Johan Strandberg,
6795 3435 6996 3473 Kaufmann
6754 3464 7289 3528 Johan Auguſt Lindſtröm,
6790 3517 7003 3571 Kaufmann
6750 3568 7232 3618 Victor Liikanen, Bäcker
6743 3655 7285 3713 Die Firma „F. Salén“
6790 3710 7289 3756 und deren Inhaberin
6790 3753 7200 3800 Frau Emilia Salén
6742 3792 7304 3849 Ajokaluteolliſuuskunta Yritys
6778 3839 6867 3890 r. l.
6740 3891 7284 3944 Niilo Suominen, Kauf⸗
6783 3951 6888 3978 mann
6740 3984 7249 4035 Arvid Lampa, Kaufmann
6737 4031 7281 4086 Patenniemen, oſuuskauppa
6775 4072 6866 4123 r. l.
6733 4124 7283 4177 Juho Huttunen, Kaufmann
6733 4216 7278 4269 Auguſt Lahtinen, Kaufmann
6732 4303 7278 4363 Johan Sundſtröm, Ziegel⸗
6776 4358 6909 4400 meiſter
6727 4442 7274 4505 Eetu Takala, Schuh⸗ u.
6770 4491 7022 4546 Lederhändler
7328 2192 7628 2236 Inſtällelſe⸗
7448 2233 7531 2285 dag
7386 2323 7585 2375 29. 4. 12
7382 2416 7580 2468 29. 4. 12
7385 2516 7574 2553 18. 4. 12
7398 2649 7574 2700 8. 5. 12
7373 2786 7567 2837 16. 3. 12
7391 2925 7569 2977 2. 5. 12
7379 3249 7556 3303 4. 5. 12
7356 3337 7554 3394 13. 5. 12
7352 3434 7550 3484 29. 4. 12
7356 3533 7547 3570 29. 4. 12
7359 3580 7547 3617 10. 5. 12
7353 3762 7540 3801 13. 4. 12
7344 3850 7543 3901 17. 4. 12
7347 3942 7540 3992 13. 5. 12
7342 3989 7538 4040 22. 4. 12
7345 4080 7541 4132 20. 5. 12
7346 4136 7531 4173 11. 5. 12
7338 4222 7532 4274 15. 6. 12
7341 4367 7526 4406 15. 5. 12
7361 4508 7521 4546 9. 7. 12
7815 2190 7998 2241 Gericht
7629 2335 8182 2384 Tammerfors Rådstufvu-
7674 2388 7761 2415 rätt.
7626 2427 8114 2470 Kuopio Rådstufvurätt.
7622 2518 8174 2569 Karis kommuns Härads-
7668 2568 7757 2600 rätt.
7615 2650 8175 2709 Helsinge sockens Härads-
7665 2706 7753 2738 rätt.
7615 2795 8166 2849 Kangasala & Messuby
7659 2846 8110 2885 socknars Häradsrätt.
7612 2936 8162 2984 Helsingfors Rådstufvu-
7655 2984 7744 3016 rätt.
7740 3253 7994 3310 „ „
7599 3351 8150 3396 Uleåborgs Rådstufvurätt.
7598 3433 8095 3493 Ekenäs Rådstufvurätt.
7731 3533 7991 3585 „ „
7596 3584 8151 3627 Konginkangas & Sumiais
7637 3631 8094 3669 socknars Häradsrätt.
7586 3762 8016 3812 Åbo Rådstufvurätt.
7724 3856 7985 3910 „ „
7587 3955 8065 3992 Lahtis Rådstufvurätt.
7579 3999 8108 4047 Jjo sockens Häradsrätt.
7714 4091 7979 4145 „ „
7583 4141 8137 4185 Rautalampi & Vesanto
7624 4190 8088 4226 socknars Häradsrätt.
7578 4230 8142 4277 Wirdois & Etseri sock-
7622 4282 7986 4319 nars Häradsrätt.
7578 4372 8135 4418 Kyrkslätt & Sjundea
7615 4421 8084 4458 socknars Häradsrätt.
7567 4503 8135 4559 Helsingfors Rådstufvu-
7607 4549 7699 4600 rätt.
