10056 7656
899 375 2017 439 Bevölkerungsbewegung, Grundbeſitzwechſel,
755 414 2157 488 Schlachtungen, ſtädtiſche Sparkaſſe, Krankenverſicherung
928 473 2017 528 und Armenpflege in Berlin im Juni 1914.
848 530 2159 595 Nach dem Juniheft der „Monatsberichte des Statiſtiſchen Amts
753 575 2161 646 der Stadt Berlin“ belief ſich die fortgeſchriebene Bevölkerungs⸗
751 624 2160 691 ziffer der Reichshauptſtadt Anfang Juli d. J. auf 2 056 879 (zur
751 671 2144 734 gleichen Zeit des Vorjahres auf 2 078 101). Lebend geboren
749 711 2156 782 wurden im Juni d. J. 3012 (in demſelben Monat des Vorjahres
748 755 2157 830 3252) Kinder, darunter 707 (742) oder 23,47 (22,82) % uneheliche.
748 801 2153 870 Auf das Jahr und Tauſend der mittleren Bevölkerung berechnet,
749 854 2150 915 ſtellte ſich die Geburtenziffer auf 17,80 (19,03). Ehen wurden im
748 899 2148 962 Juni d. J. 1209 (im gleichen Monat des Vorjahres 1249) ge⸗
749 944 2146 1002 ſchloſſen, darunter 263 (255) Miſchehen. Die Zahl der Sterbe⸗
747 989 2147 1052 fälle (ohne die Totgeburten) belief ſich im Juni d. J. auf 2355
747 1037 2145 1097 (im Juni 1913 auf 2187). Im Alter bis zu 1 Jahre ſtarben
744 1084 2147 1142 455 (469) Kinder, das ſind 19,32 (21,44) % aller Sterbefälle
748 1128 2144 1185 des Berichtsmonats. Auf das Jahr und Tauſend der mittleren Be⸗
741 1170 2145 1236 völkerung berechnet, betrug die allgemeine Sterblichkeitsziffer 13,92
738 1216 875 1263 (12,80).
835 1265 2142 1326 Als zugezogen waren im Juni d. J. 9865 (in demſelben
741 1309 2141 1373 Monat des Vorjahres 10 750) männliche und 8354 (9049) weibliche,
738 1356 2140 1416 zuſammen 18 219 (19 799) Perſonen zu verzeichnen. Für die im
738 1402 2139 1463 gleichen Monat Fortgezogenen ergaben ſich einſchließlich des
734 1444 2140 1507 Zuſchlags für die unterbliebenen Abmeldungen die Zahlen: 12 243
735 1492 2137 1553 (13 114) männliche, 10 580 (10 688) weibliche, zuſammen 22 823
737 1540 2139 1598 (23 802) Perſonen. Somit verblieb bei der Wanderung ein Mehr⸗
735 1586 2134 1647 fortzug von 2378 (2364) männlichen und 2226 (1639) weiblichen,
737 1628 1844 1688 zuſammen ein Mehrfortzug von 4604 (4003) Perſonen.
827 1676 2134 1736 Ein Beſitzwechſel fand im Juni d. J. bei 96 (im gleichen
731 1719 2133 1783 Monat des Vorjahres bei 109) Grundſtücken ſtatt. Kauf lag
733 1767 2130 1827 vor bei 18 (20) bebauten Grundſtücken mit 4 020 846 (5 173 274) ℳ
730 1811 2129 1873 Kaufpreis und bei 7 (12) unbebauten mit 588 147 (768 495) ℳ
729 1858 2130 1915 Kaufpreis, Zwangsverſteigerung bei 23 (21) bebauten Grund⸗
730 1903 2130 1962 ſtücken mit 4 990 900 (5 066 580) ℳ und bei 2 (4) unbebauten mit
731 1950 2128 2010 116 728 (259 630) ℳ Kaufpreis. Durch Vererbung gingen 30 (40)
730 1994 2128 2056 Grundſtücke mit 6 463 475 (8 801 134) ℳ Wert und 16 (12) ohne
728 2040 1438 2095 Wertangabe in anderen Beſitz über.
821 2086 2125 2147 Der Auftrieb auf den ſtädtiſchen Viehhof betrug für den
727 2130 2126 2191 Monat Juni d. J. 16 558 (für denſelben Monat des Vorjahres 15 949)
726 2176 2126 2237 Rinder, 16 985 (15 325) Kälber, 46 519 (58 033) Schafe, 118 463
726 2224 2126 2282 (111 149) Schweine. — In den öffentlichen Schlachthäuſern
725 2270 2123 2335 wurden im Juni8314 (7707) Rinder, 11 021, (11 840) Kälber,
724 2315 2123 2375 45 651 (46 449) Schafe, 102 432 (99 366) Schweine geſchlachtet.
722 2359 2122 2423 — In der Zentralroßſchlächterei wurden 661 (631) Pferde ge⸗
726 2404 2122 2464 ſchlachtet, von denen 22 (4) zurückgewieſen wurden. Zum Konſum
722 2454 2123 2513 und zur Tierfütterung gelangten ſomit 639 (627) Pferde, ferner
721 2498 1640 2553 von der Neuköllner Roßſchlächterei 106 (119).
813 2543 2120 2605 Bei der ſtädtiſchen Sparkaſſe beliefen ſich die Einzahlungen
719 2583 2121 2651 im Juni d. J. auf 7 651 652 ℳ, (im Juni des Vorjahres auf
720 2635 2120 2695 5 382 495 ℳ), die Rückzahlungen auf 5 676 364 (5 877 044) ℳ; dem⸗
719 2680 2120 2737 nach ergab ſich ein Mehr an Einzahlungen von 1 975 288 ℳ
719 2726 2117 2789 (in demſelben Monat des Vorjahres ein Mehr an Rückzahlungen
718 2773 1060 2820 von 494 549 ℳ).
811 2818 2115 2883 Der Mitgliederbeſtand der der Aufſicht des Magiſtrats⸗
718 2861 2115 2922 kommiſſars unterſtellten Krankenkaſſen betrug am 1. Juli 1914
717 2910 2115 2969 922 203 (gegen 937 733 am 1. Juni d. J.), unter denen ſich 56 946
716 2954 2115 3015 (56 911) freiwillige Mitglieder befanden. Erwerbsunfähig waren an
713 3000 2114 3062 dieſem Tage bei den bezeichneten Kaſſen 46 644 (43 329) verpflichtete
708 3041 935 3092 Mitglieder.
807 3092 2111 3151 Die ſtädtiſche Armenpflege umfaßte im Monat Juni d. J.
714 3136 2117 3199 36 375 (in demſelben Monat des Vorjahres 35 908) Almoſengeld⸗
713 3183 2110 3245 empfänger mit einem Geſamtbetrage an laufenden Unterſtützungen
713 3231 2110 3289 von 663 394 (649 152) ℳ, darunter 2157 (1982) Almoſenempfänger
712 3274 2109 3338 mit außerdem gewährten 16 040 (14 356) ℳ Extraunterſtützungen.
712 3319 2110 3381 Solche wurden ferner für 9395 (8273) nicht laufend unterſtützte
712 3360 2108 3426 Perſonen im Geſamtbetrage von 130 087 (115 803) ℳ gewährt.
712 3410 2109 3469 Pflegekinder waren 12 928 (12 924) vorhanden, für die 128 293
712 3457 1395 3505 (126 193) ℳ aufgewendet wurden.
710 3598 2104 3655 Die deutſche überſeeiſche Auswanderung im Juli 1914
863 3647 1958 3699 und in dem gleichen Zeitraum des Vorjahrs.
792 4065 2095 4120 Aus deutſchen Häfen wurden im Monat Juli 1914 neben den
700 4112 2094 4171 1285 deutſchen Auswanderern noch 15 957 Angehörige fremder
698 4156 2093 4219 Staaten befördert; davon gingen über Bremen 8719, Ham⸗
696 4202 1130 4249 burg 7230, Emden 8.
1092 4327 1693 4384 Kunſt und Wiſſenſchaft.
788 4397 2088 4453 Die magnetiſche Aufnahme der Erde. Unter den Ab⸗
693 4441 2093 4505 teilungen des Carnegie⸗Inſtituts, die eine beſonders großartige Arbeit
696 4487 2089 4552 geleiſtet haben, iſt die für Erdmagnetismus zu nennen, die jetzt auch
695 4534 2089 4595 eine Reihe von Gebäuden in Waſhington als Zentralſtelle ihr Eigen
695 4580 2088 4642 nennt. Im letzten Jahr ſind für die Arbeiten allein 440 000 ℳ, für
691 4620 2085 4689 die Baulichkeiten noch etwa 500 000 ℳ ausgegeben worden. Die ge⸗
690 4669 2084 4732 ſtellte Aufgabe umfaßt tatſächlich die ganze Erde mit Einſchluß der Welt⸗
688 4716 2084 4775 meere. Für die magnetiſchen Meſſungen auf See ſtehen zwei beſonders
687 4756 2083 4823 gebaute „unmagnetiſche“ Schiffe zur Verfügung. Nachdem vor zwei
687 4809 2082 4871 Jahren dereits eine große Reiſe durch Inneraſien ausgeführt worden war,
688 4853 2082 4913 brachte das letzte Jahr die erdmagnetiſche Erforſchung der Sahara
687 4894 2081 4962 zwiſchen Algier und Timbuktu an 72 Stationen. Eine zweite Gruppe
685 4946 2079 5005 von Magnetikern durchreiſte Auſtralien zunächſt in den wohnlicheren
684 4988 2079 5053 Teilen. Eine dritte dagegen legte über 2000 Seemeilen in einem
684 5035 2079 5094 Kanu an den entlegenen Küſten Kanadas zurück. Auf Südamerika
684 5081 2080 5145 warfen ſich drei Expeditionen gleichzeitig, deren Streifzüge ſich auf
683 5126 2077 5188 alle Staaten, mit Ausnahme von Kolumbien und Ekuador, er⸗
682 5170 2077 5233 ſtreckt haben. Im nächſten Jahre hofft man endlich ſo viele
681 5215 2078 5281 Beobachtungen beiſammen zu haben, daß man an den Entwurf
680 5265 2076 5319 neuer erdmagnetiſcher Karten wird herangehen können. Die Werte
680 5309 2074 5369 werden ſämtlich auf den 1. Januar 1910 angeſetzt ſein. Es
681 5353 2075 5414 muß natürlich ein einheitliches Datum angenommen werden, und es
679 5398 2073 5463 ſchadet nicht, daß dies ſchon einige Jahre zurückliegt, da der Gang
677 5444 2073 5507 der Veränderungen der erdmagnetiſchen Elemente hinreichend genau
676 5488 2073 5549 bekannt iſt. Bedauerlich dagegen iſt es, daß auch dieſe Karten die
678 5534 2075 5595 Erdoberfläche nur zwiſchen dem 50. Breitenkreis beider Halbkugeln
674 5580 2075 5642 umfaſſen werden. Sogar Deutſchland würde dann auf dieſen Karten
675 5628 2070 5689 nur zum Teil verzeichnet ſein. Alle Länder Nordeuropas würden ganz
675 5671 2072 5733 fehlen. Dabei liegen wohl heute auch ſchon aus dem Südpolargebiet
674 5717 2072 5779 ſo viele magnetiſchen Meſſungen vor, daß der Verſuch gemacht
673 5763 2067 5821 werden könnte, auch die Polarzonen in die Karten hineinzuziehen.
673 5807 2069 5870 Uebrigens ſoll bei den weiteren Arbeiten auch auf die atmoſphäriſche
671 5852 1927 5908 Elektrizität eine planmäßige Aufmerkſamkeit verwandt werden.
761 6082 2063 6142 Nr. 30 des „Eiſenbahnverordnungsblatts“, herausgegeben
665 6126 2063 6186 im Miniſterium der öffentlichen Arbeiten, vom 16. Auguſt, hat folgenden
664 6171 2059 6227 Inhalt: Allerhöchſter Erlaß vom 14. Juli 1914, betreffend Bau und
664 6217 2061 6275 Betrieb der in dem Geſetze vom 10. Juni 1914 vorgeſehenen neuen
665 6263 2060 6317 Eiſenbahnlinien uſw. ſowie Verwaltung und Betrieb des in das
663 6308 2057 6367 Eigentum des Staates übergehenden Cronberger Eiſenbahnunter⸗
662 6353 2059 6411 nehmens. Bekanntmachung des Reichseiſenbahnamts vom 10. Auguſt
663 6401 2056 6458 1914, betreffend vorübergehende Aenderung der Eiſenbahnverkehrs⸗
662 6445 2054 6498 ordnung. Allerhöchſter Erlaß, betreffend Bau und Betrieb der in
660 6490 2054 6551 dem Geſetze vom 10. Juni 1914 (Geſetzſamml. S. 97) vorgeſehenen
2227 400 3624 456 neuen Eiſenbahnlinien uſw. ſowie Verwaltung und Betrieb des in
2227 445 3622 506 das Eigentum des Staates übergehenden Cronberger Eiſenbahn⸗
2226 492 3490 549 unternehmens. Vom 14. Juli 1914. (Geſetzſamml. S. 151.)
2724 671 3124 734 Verkehrsweſen.
2324 745 3618 809 Fortgeſetzt werden noch zahlreiche verſchloſſene Brief⸗
2219 791 3616 862 ſendungen nach Oeſterreich⸗Ungarn auſgeliefert. Aus
2220 847 3616 913 dieſem Anlaß wird von neuem darauf hingewieſen, daß ent⸗
2218 897 3615 961 ſprechend der in den Schalterfluren der Poſtanſtalten aus⸗
2219 949 3614 1016 hängenden Bekanntmachung Nr. 2 über die Beſchränkungen
2219 1000 3613 1070 für den Poſt⸗ uſw. Verkehr verſchloſſene Briefſendungen nach
2213 1050 3612 1117 dem Auslande, einſchließlich Oeſterreich⸗Ungarns, abgeſehen von
2215 1102 3612 1170 den nachgegebenen Ausnahmen, vorläufig nicht befördert
2216 1154 2375 1198 werden.
2304 1274 3608 1334 Heft 8 vom Jahrgang 1914 der „Zeitſchrift für Klein⸗
2212 1318 3608 1384 bahnen“, herausgegeben im Miniſterium der öffentlichen Arbeiten,
2210 1366 3606 1427 zugleich Organ des Vereins deutſcher Straßenbahn⸗ und Kleinbahn⸗
2209 1414 3608 1474 verwaltungen (Verlag von Julius Springer, Berlin), erſchien mit
2209 1455 3604 1521 folgendem Inhalt: „Nochmals über das Rückgriffsrecht der Straßen⸗
2209 1501 3604 1561 bahnen“ von Rechtsanwalt Kappe, Berlin, Syndikus des Vereins
2208 1548 3604 1613 deutſcher Straßenbahn⸗ und Kleinbahnverwaltungen; die Entwicklung
2206 1594 3604 1654 des Kleinbahnweſens in der Provinz Weſtpreußen im Laufe des
2204 1637 3604 1698 Jahres 1913. — Geſetzgebung: Luxemburg: Geſetz vom 19. Mai
2209 1685 3602 1746 1914, betr. die Anlage interkommunaler Straßenbahnlinien
2204 1729 3602 1800 im Kanton Eſch a. d. Alz. — Kleine Mitteilungen:
2205 1774 3600 1841 Neuere Projekte, Vorarbeiten, Konzeſſionserteilungen, Betriebseröff⸗
2199 1823 3600 1881 nungen und Betriebsänderungen von Kleinbahnen; Die Kleinbahnen
2202 1866 3600 1928 in England; die Pariſer Nord⸗Süd⸗Untergrundbahn im Jahre 1913.
2200 1911 3600 1976 — Bücherſchau, Zeitſchriftenſchau. — Mitteilungen des Vereins deutſcher
2200 1958 3598 2019 Straßenbahn⸗ und Kleinbahnverwaltungen: Straßen⸗ und Klein⸗
2199 2000 3599 2068 Bahn⸗Berufsgenoſſenſchaft; vorläufiger Bericht über die Tätigkeit der
2201 2049 3597 2116 Vermittlungsſtelle für 1913/14; Patentbericht (mit 5 Abbildungen);
2198 2094 3596 2160 Auszüge aus Geſchäftsberichten. — Statiſtik der deutſchen Kleinbahnen
2204 2140 2755 2192 für den Monat Juni 1914.
2632 2244 3147 2298 Theater und Muſik.
2289 2313 3594 2377 Die Königlichen Schauſpiele, deren Spielzeit erſt am 1. Sep⸗
2194 2358 3595 2424 tember d. J. beginnen ſoll, werden zum Beſten der Kriegs⸗
2194 2404 3598 2467 hilfe (vornehmlich zur Unterſtützung der hilfsbedürftigen Familien
2193 2450 3590 2519 einberufener Krieger) noch im Laufe dieſes Monats im Königlichen
2192 2495 3589 2565 Opernhauſe einige Vorſtellungen zu ermäßigten Preiſen
2194 2542 3591 2599 veranſtalten. Eingeleitet werden dieſe durch ein am Sonnabend, den
2190 2588 3589 2654 22. d. M. ſtattfindendes Konzert des Königlichen Opernchors
2190 2634 3585 2691 unter ſeinem Dirigenten Profeſſor Hugo Rüdel und unter der Mit⸗
2190 2679 3586 2746 wirkung erleſener Künſtler ſowie des Generalmuſikdirektors Leo Blech
2188 2725 2808 2780 mit dem Königlichen Orcheſter.
2687 2833 3095 2891 Mannigfaltiges.
2588 2908 3190 2963 Berlin, 18. Auguſt 1914.
2278 2976 3582 3039 Zur Feier des Geburtstags Seiner Majeſtät des
2185 3020 3581 3088 Kaiſers und Königs Franz Joſeph wurde heute vormittag in
2184 3068 3580 3131 der St. Hedwigskirche ein feierliches Hochamt gehalten. In
2184 3113 3580 3176 Stellvertretung Seiner Majeſtät des Kaiſers und Königs war, wie
2187 3159 3579 3224 „W. T. B.“ meldet, der Oberkommandierende in den Marken,
2185 3204 3579 3263 Generaloberſt von Keſſel, erſchienen, in Stellvertretung Ihrer Ma⸗
2182 3250 3577 3315 jeſtät der Kaiſerin und Königin der Oberhofmeiſter von Falkenhayn und
2183 3296 3576 3361 die Oberhofmeiſterin Gräfin von Brockdorff. Auch zahlreiche Mit⸗
2184 3342 3578 3408 glieder des diplomatiſchen Korps nahmen an der Feier
2185 3388 3576 3453 teil. Die öſterreichiſche Botſchaft war vollzählig erſchienen,
2182 3432 3575 3498 ebenſo die Herren des Generalkonſulats. Ihnen ſchloſſen
2182 3477 3575 3543 ſich überaus zahlreiche Mitglieder der öſterreichiſch⸗ungariſchen
2179 3524 3573 3589 Kolonie an, die die Kirche bis auf den letzten Platz füllten.
2180 3568 3572 3633 Tauſende von Andächtigen, die keinen Einlaß finden konnten, ver⸗
2178 3614 3573 3678 harrten in ehrfürchtigem Schweigen vor der Kirche. Zum Schluß der
2179 3660 3570 3724 Feierlichkeit ſtimmte die Gemeinde die Hymne „Gott erhalte Franz
2175 3707 3570 3765 den Kaiſer“ an. Die Herren der Botſchaft und des General⸗
2175 3751 3570 3817 konſulats bildeten bei ihrer Abfahrt den Gegenſtand herzlichſter
2174 3797 2977 3853 Sympathiekundgebungen des Publikums.
2262 3895 3567 3959 Der bitteren Armut in der gegenwärtigen Kriegszeit ſucht der
2170 3939 3565 4004 Verein „Dienſt an Arbeitsloſen“ (Ackerſtraße 52, Fernſprecher:
2174 3985 3564 4046 „Norden“ 3332) durch ſeine Arbeitsvermittlung für Berlin und
2169 4032 3565 4098 aufs Land, durch billigen Verkauf von Möbeln, Kleidungs⸗
2168 4077 3565 4141 ſtücken, Wäſche, Schuhen uſw. ſowie durch Arbeitsgelegenheit
2167 4123 3562 4182 in der Brockenſammlung zu ſteuern. Der Verein bittet um
2169 4169 3563 4228 tatkräftige Hilfe zur Erfüllung ſeiner Aufgaben, durch die er in ſeiner
2166 4214 3563 4274 Weiſe dem Vaterlande nach Kräften dienen will. In Berlin holt die
2161 4259 3560 4322 Brockenſammlung des Vereins alles, was bei den Kriegszeiten ver⸗
2163 4305 3559 4368 käuflich oder verwendbar iſt, koſtenlos ab. Frachtſendungen von aus⸗
2162 4352 2847 4403 wärts werden gebührenfrei erbeten.
2251 4443 3557 4509 In den Dienſt an unſeren verwundeten Kriegern wird
2162 4488 3557 4547 auch der Nähverein des Berliner Frauenbundes treten. Die
2166 4534 3553 4598 nächſte Zuſammenkunft findet Mittwoch, den 26. Auguſt, Vor⸗
2158 4580 3552 4641 mittags 11 Uhr, Leipziger Straße 5, ſtatt. Zu ihr werden
2160 4625 3552 4691 die Mitglieder wie auch alle Damen als Gäſte herzlich ein⸗
2155 4671 3550 4735 geladen, die ſich an der Liebestätigkeit durch Nähen und
2157 4716 3555 4780 Spenden zu beteiligen wünſchen. Herr Paſtor Thieme wird
2156 4763 3551 4832 einen Vortrag über das Thema „Die rechte Vaterlandsliebe unſerer
2155 4807 3549 4867 deutſchen Frauen“ halten. Freiwillige Beiträge zur Be⸗
2154 4852 3547 4919 ſchaffung von Stoffen und ſonſtigem Nähmaterial werden an Frau
2153 4895 3546 4965 Hanna Müller, W. 15 Uhlandſtraße 160. erbeten, an die auch etwaige
2150 4942 3548 5008 Anfragen zu richten ſind. Für die erſte Zuſammenkunft wird der
2152 4989 3095 5047 Verein ſelbſt die Stoffe zur Verfügung ſtellen.
2243 5081 3545 5143 Der Evangeliſche Feldpropſt der Armee beabſichtigt in Gemein⸗
2149 5125 3543 5190 ſchaft mit den nicht ins Feld ausgerückten jetzigen und ehemaligen
2151 5170 3540 5235 Militärgeiſtlichen, inſonderheit den Militäroberpfarrern, zur Er⸗
2150 5217 3543 5282 gänzung der Seelſorge draußen im Felde monatlich mehrmals
2148 5262 3541 5325 Anſprachen religiöſen und vaterländiſchen Inhalts als „Heimat⸗
2149 5309 3540 5373 grüße an unſere Truppen“ in Maſſenauflagen hinauszu⸗
2149 5352 3539 5417 ſenden. Zur Beſtreitung der nicht unerheblichen Koſten dieſes Unter⸗
2147 5398 3540 5466 nehmens ſind ihm namhafte Beträge zwar ſchon in Ausſicht geſtellt;
2146 5444 3539 5513 doch reichen ſie bei weitem nicht aus. Der Feldpropſt wendet ſich
2146 5489 3538 5551 deshalb an die opferfreudige Vaterlandsliebe in Stadt und Land
2145 5536 3538 5601 und an alle, die — mögen ſie Angehörige bei unſerer Truppe im
2144 5580 3538 5641 Felde haben oder nicht — unſere Tapferen draußen neben der
2143 5624 3536 5691 Predigt ihrer Pfarrer, die doch nur ſelten an den Einzelnen heran⸗
2143 5670 3537 5734 kommen kann, auch mit einem gedruckten Seelſorgerwort
2143 5716 3534 5778 verſorgt wiſſen möchten, und bittet um Gaben für dieſe ſeel⸗
2143 5760 3532 5824 ſorgerlichen Heimatgrüße. Für Berlin und die Provinz Branden⸗
2143 5806 3533 5874 burg nehmen Beiträge außer dem Feldpropſt Wölfing auch entgegen
2141 5852 3533 5922 der Militäroberpfarrer, Geheimer Konſiſtorialrat D. Goens hier,
2142 5898 3532 5965 C. 2 Neue Friedrichſtraße 46, und der Militäroberpfarrer, Geheimer
2138 5942 3159 6005 Konſiſtorialrat Strauß, Spandau, Brückenſtraße 1.
2229 6034 3529 6098 Morgen, Mittwoch, Abends 8 Uhr, findet in der alten Garniſon⸗
2136 6077 3530 6145 kirche Kriegsbetſtunde mit anſchließender Abendmahlsfeier
2136 6123 3527 6191 durch den Militäroberpfarrer, Geheimen Konſiſtorialrat D. Goens ſtatt.
2224 6215 3527 6280 In Bad Homburg ſind „W. T. B.“ zufolge zwei Perſonen
2133 6258 3525 6332 feſtgenommen worden, weil ſie ohne Erlaubnis eine Station
2133 6304 3524 6372 für drahtloſe Telegraphie errichtet hatten. Es wird allgemein
2131 6350 3303 6413 darauf hingewieſen, daß dieſes ſtrengen Strafen unterliegt.
2220 6464 3518 6529 Schwarzbrot und Weißbrot. In der Weizenver⸗
2127 6507 3518 6574 ſorgung iſt Deutſchland zu einem großen Teil auf Zufuhr aus dem
3696 416 5062 496 Ausland angewieſen. Die geſamte Einfuhr von Weizen betrug im
3694 465 5060 543 vorigen Jahr über 2 ½ Millionen Tonnen im Werte von rund 417
3688 503 5069 593 Millionen Mark. Dem ſtand nur eine Ausfuhr von ungefähr einer
3690 548 5071 639 halben Million Tonnen im Werte von 88 Millionen Mark gegenüber.
3684 595 5069 685 Damit iſt die Frage gegeben, ob die Unterbindung der Weizenzufuhr
3686 638 5069 728 einen verhängnisvollen Einfluß ausüben könnte. Abgeſehen von der
3686 689 5074 776 Einſchränkung der aufgenommenen Nahrungsmengen, die jedenfalls in
3687 731 5070 823 den wohlhabenderen Schichten möglich iſt und bei den meiſten Familien
3684 777 5065 863 wohl ſchon vom erſten Tage des Kriegs ins Auge gefaßt oder durch⸗
3688 821 5066 909 geführt worden iſt, kann gerade für das Weizenbrot ein
3686 865 5064 953 Erſatz durch Roggenbrot ohne Schädigung der
3680 914 5064 997 Geſundheit eintreten. Die Wächter der Volksgeſundheits⸗
3681 959 5067 1042 pflege ſind ſogar durchaus nicht mit der Entwicklung des Geſchmacks
3684 1007 5062 1090 in dieſem Punkt, die dem Weizenbrot den Vorzug gibt,
3682 1052 5062 1136 einverſtanden. Der Weizen hat freilich im Durchſchnitt
3679 1096 5058 1181 einen größeren Eiweißgehalt als die anderen Getreidearten,
3682 1148 5053 1222 aber in Deutſchland kommt der Roggen ihm in dieſer Hinſicht faſt
3682 1192 5053 1268 gleich. Deutſcher Weizen hat etwa 12 bis 14 v. H. Eiweißkörper,
3682 1237 5051 1308 deutſcher Roggen etwa 11 v. H. Ueberhaupt aber muß ſich das Volk
3680 1283 5051 1353 darüber aufklären laſſen, daß dunkel gefärbtes Brot gegenüber einem
3681 1323 5057 1404 möglichſt weißen Brot, wie es leider auch in den Großſtädten ſelbſt
3680 1377 5050 1444 von der ärmeren Bevölkerung vorzugsweiſe verlangt wird, weder
3673 1418 5050 1495 weniger fein noch weniger nahrhaft iſt. Das Brot erhält ſeine weiße
3674 1459 5048 1535 Farbe dadurch, daß man das Mehl durch ein ſehr feines Sieb laufen
3677 1510 5053 1581 läßt, und dadurch wird auch eine erhebliche Menge wichtiger Nähr⸗
3676 1553 5049 1625 ſtoffe ausgeſchieden, nur dem äußeren Schein zuliebe. Es verdient
3677 1600 5048 1674 gerade jetzt Beachtung, daß auch in Frankreich die Vertreter der
3670 1646 5053 1720 Hygiene die Verkleinerung des Körperwuchſes und ſogar die Zunahme der
3670 1687 5053 1766 Tuberkuloſe bei ihren Landsleuten zum Teil auf die Scheu nicht nur vor
3674 1738 5046 1805 einem Kommißbrot, ſondern überhaupt vor einem kräftigeren dunklen
3672 1778 5052 1858 Brot zurückführen. In Deutſchland, wo dieſe Verirrung zum Glück
3671 1823 5049 1902 überhaupt nie eine ſo weite Verbreitung erlangt hat, iſt die Auf⸗
3673 1875 5045 1942 klärung fortgeſchritten, und die vielen Geſchäfte, die Kommißbrot
3672 1921 5043 1988 und Landbrot neben anderen Waren vertreiben und auch bei wohl⸗
3672 1964 5044 2030 habenden Käufern einen guten Abſatz dafür finden, ſind ein Beweis
3671 2011 5045 2083 für dieſen erfreulichen Rückſchlag. Nunmehr ſollte dieſe Strömung
3669 2057 5043 2121 kräftig und planmäßig gefördert werden, um das Vaterland von der
3668 2099 5042 2167 Getreideverſorgung aus dem Ausland unabhängig zu machen. Das
3667 2150 5042 2215 Beſte dazu müſſen freilich die Müller und die Bäcker tun. Das
3668 2191 5041 2258 Mahlgeſchäft vollzieht ſich jetzt nur noch zu geringen Teilen in Wind⸗
3667 2243 5040 2305 mühlen oder Waſſermühlen und damit zwiſchen den alten Mühlſteinen.
3665 2288 5040 2354 Die modernen Mühlen ſind vielmehr mit Stahlrollen ausgeſtattet,
3664 2331 5048 2402 zwiſchen denen der nahrhafte Kleber, der dem Brot die dunklere
3666 2373 5045 2449 Faube gibt, ſo weit ausgeſchieden wird, daß er nur noch in geringen
3662 2419 5043 2493 Mengen ins Mehl gelangt. Die Bäcker aber ſind, wie es ganz be⸗
3661 2465 5041 2537 greiflich und entſchuldbar iſt, dem Geſchmack ihrer Kunden gefolgt oder
3658 2512 5042 2581 ſogar entgegengekommen und teilen jetzt ſchon in ihrer Mehrzahl die
3661 2559 5040 2628 irrige Anſicht, daß ein Mehl um ſo beſſer ſei, je weißer es iſt. Es
3658 2603 5041 2675 darf daran erinnert werden, daß ein achtbarer franzöſiſcher Forſcher
3660 2649 5040 2723 für ſein Vaterland den Verluſt an Nährſtoffen, die auf dieſem Wege
3654 2695 5041 2767 dem Brot entzogen werden, auf nicht weniger als 400 Millionen
3656 2741 5039 2811 Franken in jedem Jahr geſchätzt hat. Wer alſo nicht aus Verdauungs⸗
3657 2788 5040 2859 rückſichten das gröbere Brot zu vermeiden Anlaß hat, ſollte die etwa
3656 2843 5034 2910 angenommene Gewohnheit, die ihm das Weißbrot als etwas Beſſeres
3656 2887 5033 2947 vorſpiegelt, in ſeinem eigenen und im allgemeinen Intereſſe wieder
3654 2930 3810 2980 ablegen.
3745 3015 5037 3083 Volkstümliche Vorträge. Aus Univerſitätskreiſen wird ge⸗
3654 3062 5037 3133 ſchrieben: In einer ſo ſchweren Zeit der Spannung und Sorge wie
3654 3109 5038 3179 der jetzigen fühlen die Menſchen das Bedürfnis, ſich zuſammen⸗
3651 3157 5036 3223 zufinden und ſich durch die Ausſprache der gemeinſamen Gedanken
3654 3199 5038 3269 und Gefühle zu ſtärken und zu erheben. Es gibt auch mancherlei,
3657 3245 5037 3313 worüber viele belehrt und beruhigt werden möchten. In einer
3649 3291 5034 3359 Gemeinde Groß Berlins ſind daher bereits volkstümliche Vorträge ge⸗
3645 3337 5037 3403 halten worden, und daß die Gemeinden die Sache in Gang bringen
3649 3381 5032 3449 müſſen, wenn ſie wirklich nützen ſoll, ſcheint unabweisbar. Zahlreiche
3645 3434 5031 3495 Lehrer der Univerſität ſtellen ſich gern zur Verfügung, ſolche
3645 3471 5033 3543 Reden an das deutſche Volk zu halten, und der Rektor wird auf
3646 3518 4459 3579 Verlangen die Vermittlung übernehmen.
3736 3563 5033 3634 Donnerstag, den 20. d. M., findet zugunſten des „Roten
3637 3617 5027 3676 Kreuzes“ und der Nationalſtiftung für die Hinterbliebenen
3641 3659 5030 3725 Kriegerfamilien in Zenners Garten in Treptow ein großes
3639 3703 5031 3767 Militärkonzert ſtatt. Für dieſes Konzert haben hervorragende
3638 3750 5029 3815 Künſtler ihre Mitwirkung zugeſagt. U. a. wird der Kammerſänger
3640 3797 5025 3860 Werner Alberti ein vom Generalintendanten Grafen von Hülſen⸗
3643 3838 5022 3906 Haeſeler verfaßtes und vom Generalmuſikdirektor Leo Blech in
3641 3884 5025 3951 Muſik geſetztes patriotiſches Lied: „Gott, Kaiſer, Vaterland“ zum
3638 3934 5026 3999 erſten Male öffentlich vortragen. Das Konzert beginnt Nachmittags
3635 3976 4894 4044 4 ½ Uhr. Der Eintritt iſt gegen freiwillige Spenden geſtattet.
3731 4072 5017 4132 Ueber die bevorſtehende Sonnenfinſternis ſpricht Dir. Dr.
3637 4116 5017 4174 F. S. Archenhold im großen Hörſaal der Treptower Stern⸗
3636 4166 5016 4223 warte am Donnerstag, den 20. Auguſt, Abends 7 ½ Uhr, unter Vor⸗
3636 4208 5016 4272 führung zahlreicher Lichtbilder. Am Tage der Sonnenfinſternis ſelbſt,
3635 4254 5016 4315 Freitag, den 21. Auguſt, wird die Sternwarte ſchon um 11 Uhr Vor⸗
3632 4300 5029 4361 mittags geöffnet; die Beſucher haben auf der Plattform günſtige
3633 4345 5031 4410 Gelegenheit, die Verfinſterung, die um 12 Uhr 12 Minuten beginnt
3633 4393 5026 4452 und um 2 Uhr 36 Minuten ihr Ende erreicht, zu beobachten. Seit
3630 4436 5021 4499 geſtern wird auf der Treptower Sternwarte ein großer Sonnenfleck
3630 4483 5012 4547 gezeigt, der täglich und auch vor und nach der Sonnenfinſternis günſtig
3628 4528 4001 4575 zu ſehen ſein wird.
3720 4644 5010 4704 Wien, 17. Auguſt. (W. T. B.) Das Deutſche Volks⸗
3626 4688 5011 4747 theater, das heute die Saiſon eröffnete, feierte den Vorabend des
3625 4733 5010 4802 Geburtsfeſtes des Kaiſers Franz Joſeph in erhebender Weiſe
3624 4779 5010 4844 durch eine Feſtvorſtellung, deren Erträgnis dem öſterreichiſchen
3624 4824 5009 4888 Verein vom Roten Kreuz gewidmet iſt. Eingeleitet wurde
3623 4870 5008 4934 die Feſtvorſtellung durch einen von Direktor Weiße vor⸗
3622 4918 5006 4973 getragenen Prolog, der in die Nationalhymne ausklang, die von dem
3622 4963 5005 5023 ganzen Hauſe und ſämtlichen Darſtellern in weihevoller Stimmung
3618 5007 5003 5069 ſtehend mitgeſungen wurde. Sodann wurde „Heil Dir im Siegerkranz“
3619 5054 5005 5118 angeſtimmt, was helle Begeiſterung erweckte. Hierauf gelangten die
3618 5098 5005 5162 Rütliſzene aus „Wilhelm Tell“ ſowie Wallenſteins Lager zur Auf⸗
3619 5144 5008 5206 führung. Die markanten Stellen wurden wiederholt ſtürmiſch applau⸗
3617 5190 5002 5253 diert. In den Zwiſchenakten ſpielte die Muſik patriotiſche Weiſen,
3616 5236 5003 5298 wie den „Rakoczymarſch“ und „die Wacht am Rhein“, die begeiſterte
3616 5280 5001 5348 Aufnahme fanden. Der Vorſtellung wohnten u. a. der Miniſter des
3615 5325 5001 5387 Innern von Heinold, der Vertreter des Kriegsminiſters und des
3614 5372 4999 5436 Korpskommandanten, Polizelpräſident Gorup, ſowie ein zahlreiches
3614 5414 4138 5467 auserleſenes Publikum bei.
3703 5464 4997 5524 Am heutigen Vorabend des Geburtstages des Kaiſers durch⸗
3612 5510 4997 5573 zogen bei Einbruch der Dämmerung Veteranenkapellen, be⸗
3611 5554 4995 5616 gleitet von Soldaten, die Lampions trugen, mit klingendem Spiel die
3610 5598 4996 5664 Straßen Wiens. Eine große Menſchenmenge ſchloß ſich dem
3610 5641 4996 5706 Zuge an. Die patriotiſchen Weiſen der Muſikkapellen löſten überal
3607 5688 4698 5751 hellſte Begeiſterung und Hochrufe auf den Kaiſer aus.
3688 5826 4923 5897 (Fortſetzung des Nichtamtlichen in der Erſten Beilage.)
3990 6031 4603 6086 Verantwortlicher Redakteur:
3810 6089 4784 6162 Direktor Dr. Tyrol in Charlottenburg.
3786 6162 4832 6222 Verlag der Expedition (J. V.: Koye) in Berlin.
3690 6229 4896 6294 Druck der Norddeutſchen Buchdruckerei und Verlags⸗Anſtalt
3918 6278 4663 6334 Berlin SW., Wilhelmſtraße Nr. 32.
4071 6350 4497 6414 Sieben Beilagen
3758 6423 4814 6485 (einſchließlich Warenzeichenbeilage Nr. 75 A u. 75 B)
3594 6489 4980 6556 ſowie die Inhaltsangabe Nr. 32 zu Nr. 5 des öffentlichen
4163 6538 4411 6598 Anzeigers.
6675 334 7820 464 Erſte Beilage
5344 469 9159 642 zum Deutſchen Reichsanzeiger und Königlich Preußiſchen Staatsanzeiger.
5110 644 5515 757 No. 193.
6738 667 7841 756 Berlin, Dienstag, den 18. Auguſt
9091 669 9412 751 1914.
5477 832 6098 918 Verluſtliſte Nr. 4.
5544 949 6038 996 9. Kavalleriediviſion.
5113 1018 5816 1075 Generalmajor von Bülow — tot.
5633 1096 5946 1144 28. Diviſion.
5110 1168 6485 1225 Rittmeiſter der Reſerve Ludwig Baſſermann⸗Jordan aus Deides⸗
5186 1215 5783 1268 heim, bayeriſche Pfalz — tot.
5340 1318 6256 1368 Grenadierregiment „Kronprinz“ Nr. 1.
5616 1387 5963 1434 4. Kompagnie.
5109 1444 6486 1497 Grenadier Stephan Zydel aus Grutſchnow, Kreis Schwetz — tot,
5183 1491 5603 1538 Gewehrſchuß, Bauch.
5461 1571 6118 1618 Infanterieregiment Nr. 17.
5618 1640 5957 1688 4. Kompagnie.
5107 1697 6482 1751 Gefreiter Julius Gauer aus Sohren, Kreis Zell — ſchwer ver⸗
5183 1745 5554 1792 wundet, Kopfſchuß.
5105 1801 6482 1855 Reſerviſt Auguſt Kaufmann aus Althutershof, Kreis Kaiſers⸗
5178 1847 6034 1896 lautern — ſchwer verwundet, rechter Arm.
5464 1937 6117 1984 Infanterieregiment Nr. 18.
5613 2007 5958 2054 2. Kompagnie.
5106 2065 5676 2117 Musketier Kloß — vermißt.
5611 2133 5963 2179 4. Kompagnie.
5105 2189 6484 2244 Sergeant Gottlieb Göerke aus Roſenberg, Kreis Roſenberg — ver⸗
5185 2239 5328 2290 wundet.
5612 2283 5955 2328 6. Kompagnie.
5103 2340 5824 2390 Unteroffizier Ramdohr — vermißt.
5614 2409 5957 2456 8. Kompagnie.
5106 2467 5810 2518 Gefreiter Schröder — verwundet.
5102 2524 6481 2574 Musketier Schulz — verwundet, Oberſchenkelſchuß ohne Knochen⸗
5179 2572 5291 2620 bruch.
5611 2617 5954 2662 9. Kompagnie.
5102 2675 5723 2721 Musketier Schulz — vermißt.
5101 2729 6486 2778 Leutnant Werner Macketanz aus Oberwalde, Kreis Wehlau —
5179 2776 5926 2826 leicht verwundet, Gewehrſchuß, Kopf.
5454 2870 6106 2916 Infanterieregiment Nr. 20.
5611 2950 5952 2996 7. Kompagnie.
5099 3007 6479 3054 Gefreiter Heinrich Jahn I. aus Berlin — ſchwer verwundet, Schuß
5173 3053 5570 3098 in Kopf und Bruſt.
5096 3110 6476 3156 Musketier Hermann Allrich aus Mahlsdorf, Kreis Zauch⸗Belzig —
5171 3156 5885 3202 leicht verwundet, Schuß im Finger.
5092 3213 6483 3259 Musketier Oswald Girke aus Sommerfeld, Kreis Frankfurt a. Oder —
5172 3259 6018 3305 ſchwer verwundet, Schuß in der Schulter.
5092 3312 6479 3363 Musketier Wladislaus Aumüller aus Poſen⸗Jerſitz, Kreis Poſen
5171 3361 6091 3408 — ſchwer verwundet, Schuß in der Schulter.
5087 3416 6476 3467 Musketier Paul Bartſch aus Berlin — leicht verwundet, Schuß
5169 3463 5345 3510 im Arm.
5086 3516 6484 3567 Musketier Erich Buley aus Alt Hartmannsdorf, Kreis Beeskow⸗
5170 3566 6203 3614 Storkow — leicht verwundet, Schuß in der Hand.
5092 3623 6477 3671 Musketier Stanislaus Filipowski aus Wongrowitz, Kreis Wongro⸗
5171 3669 6219 3717 witz — ſchwer verwundet, Schulter⸗ und Halsſchuß.
5090 3726 6475 3772 Musketier Wilhelm Herrmann aus Schlenzer, Kreis Jüterbog⸗
5172 3772 6278 3819 Luckenwalde — ſchwer verwundet, Schuß im Unterleib.
5089 3826 6475 3878 Musketier Bruno Käthe aus Caputh, Kreis Zauch⸗Belzig — ſchwer
5166 3876 5844 3921 verwundet, Kopf⸗ und Bruſtſchuß.
5087 3930 6475 3980 Musketier Otto Kralapp aus Luckenwalde, Kreis Jüterbog⸗Lucken⸗
5164 3975 6267 4024 walde — leicht verwundet, Schuß im linken Oberarm.
5086 4035 6471 4082 Musketier Reinhold Kurzbein aus Hermsdorf, Kreis Friedeberg
5166 4082 6178 4129 N.⸗M. — ſchwer verwundet, Schuß in die Bruſt.
5085 4137 6220 4185 Musketier Karl Roth aus Berlin — tot, Gewehrſchuß.
5081 4194 6472 4242 Unteroffizier der Reſerve Franz Senff aus Berlin — tot, Gewehr⸗
5159 4238 5274 4289 ſchuß.
5083 4297 6472 4346 Reſerviſt Ernſt Johl aus Baruth, Kreis Zauch⸗Belzig — ſchwer
5164 4344 5999 4391 verwundet, Schuß in der linken Schulter.
5082 4401 6471 4451 Reſerviſt Artur Smerling aus Berlin — ſchwer verwundet, linke
5165 4449 5577 4491 Schulter und Bruſt.
5081 4503 6206 4552 Reſerviſt Stanislaus Sobicik aus Berlin — vermißt.
5081 4560 6469 4609 Einjährig⸗Freiwilliger Martin Pulvermann aus Berlin — vermißt.
5475 4654 6064 4700 Füſilierregiment Nr. 35.
5593 4734 5931 4779 9. Kompagnie.
5078 4788 6467 4839 Füſilier Peter Kruczinski aus Schwirzys, Kreis Thorn — tot,
5159 4838 5601 4884 Schuß in den Rücken.
5076 4892 6471 4941 Reſerviſt Max Zeitner aus Bärenklau, Kreis Oſthavelland —
5159 4941 5319 4987 vermißt.
5570 4997 5952 5043 10. Kompagnie.
5075 5050 6113 5102 Füſilier Franz Daumann aus Berlin — vermißt.
5075 5108 6387 5158 Füſilier Fritz Heberer aus Caputh, Kreis Potsdam — vermißt.
5075 5164 6115 5215 Füſilier Walter Roloff aus Spandau — vermißt.
5073 5222 6462 5272 Füſilier Hans Milewski aus Brandenburg a. d. Havel — vermißt.
5072 5278 6463 5330 Oberleutnant der Reſerve Windmöller aus Eſſen (?) — tot, Schuß
5156 5329 5470 5373 durch den Kopf.
5072 5381 6460 5431 Füſilier Otto Kanaretzki aus Spandau — ſchwer verwundet,
5155 5430 5878 5477 Schuß im rechten Bein und Bauch.
5071 5482 6083 5535 Füſilier Fritz Baſtian aus Spandau — vermißt.
5070 5539 6460 5590 Füſilier Otto Beetz II. aus Schildow, Kreis Niederbarnim — tot,
5154 5590 5617 5635 Schuß durch den Kopf.
5071 5640 6461 5692 Füſilier Michael Stawik aus Chynow, Kreis Oſtrowo — vermißt
5070 5697 6374 5749 Füſilier Franz Harder aus Lichtfelde, Kreis Elbing — vermißt.
5581 5782 5940 5828 11. Kompagnie.
5068 5832 6457 5884 Füſilier Hans Griem aus Törberhals Grevensmühlen, Kreis Gade⸗
5153 5884 5894 5931 buſch — tot, Schuß durch den Kopf.
5068 5934 6458 5986 Fahnenjunker Unteroffizier Günther Behſchnitt aus Culmſee, Kreis
5152 5984 6271 6033 Thorn — leicht verwundet, Schuß l. Fuß, rechter Arm.
5066 6035 6457 6088 Unteroffizier Wilhelm Fiſcher aus Socurwiol, Ruſſiſch Polen —
5147 6087 6156 6134 ſchwer verwundet, Stretfſchuß Arm und Schulter.
5064 6137 6459 6190 Füſilier Vallentin Strugalla aus Klingenburg, Kreis Schroda —
5147 6189 5947 6236 leicht verwundet, Schuß in linke Wade.
5063 6238 6458 6290 Füſilier Paul Liborius aus Weſeram, Kreis Weſthavelland —
5148 6289 6398 6336 ſchwer verwundet, Schuß in linken Unterarm und linke Hand.
5062 6340 6456 6393 Einjährig⸗Freiwilliger Unteroffizier Paul Hörner aus Berlin —
5148 6392 5308 6431 vermißt.
5060 6440 6352 6494 Füſilier Franz Wachholz aus Rittel, Kreis Konitz — vermißt.
7067 860 7439 906 12. Kompagnie.
6555 915 7948 967 Unteroffizier der Reſerve Friedrich Bake aus Berlin — leicht ver⸗
6648 962 7388 1009 wundet, Schuß in linkes Schienbein.
6557 1017 7945 1068 Füſilier Otto Henſchke aus Hohen⸗Nauen, Kreis Weſthavelland —
6649 1064 7553 1110 leicht verwundet, Schuß in rechte Knieſcheibe.
6557 1119 7945 1172 Füſilier Rudolf Krienke aus Pampow, Kreis Randow — vermißt.
6558 1176 7952 1226 Füſilier Wilhelm Höritz aus Schulzendorf, Kreis Arnswalde —
6650 1223 6807 1269 vermißt.
6556 1277 7600 1328 Reſerviſt Karl Schulz II. aus Berlin — vermißt.
6559 1335 7947 1389 Füſilter Richard Haufler aus Namslau — leicht verwundet, Schuß
6652 1382 7050 1427 in rechten Oberarm.
6557 1437 7724 1490 Reſerviſt Franz Staſchik aus Johannisburg — vermißt.
6558 1493 7948 1549 Reſerviſt Richard Paſche aus Rathenow, Kreis Weſthavelland —
6651 1541 6807 1586 vermißt.
6962 1612 7548 1660 Füſilierregiment Nr. 40.
7088 1693 7434 1740 9. Kompagnie.
6558 1746 7948 1799 Gefreiter Willy Dortmund aus Braunſchweig — tot, Granatſplitter
6651 1794 7003 1839 rechte Körperſeite.
6560 1849 7948 1901 Füſilier Alouis Haug aus Biſſingen, Oberamt Hechingen — tot,
6651 1895 7059 1940 Schuß in die Stirn.
6559 1952 7947 2005 Gefreiter Wilhelm Brüggemann aus Stendal — leicht verwundet,
6651 1997 7027 2043 Schuß linker Arm.
6559 2054 7947 2108 Füſilier Emil Kochler aus Baden, Bezirksamt Baden — ſchwer
6647 2102 7446 2149 verwundet, Granatſplitter im Weichteil.
6557 2157 7948 2211 Füſilier Adolf Leute aus Aulfingen, Bezirksamt Engen — vermißt.
6556 2214 7947 2270 Füſilier Stephan Weiler aus Reichental, Bezirksamt Raſtatt —
6648 2261 6804 2305 vermißt.
6555 2316 7607 2369 Füſilier Hermann Loſch aus Heilbronn — vermißt.
6555 2374 7949 2428 Füſilier Auguſt Lütten aus Kirchenwerder, Kreis Winſen —
6652 2424 6809 2466 vermißt.
7074 2469 7439 2516 10. Kompagnie.
6555 2523 7516 2574 Füſilier Otto Dreſel aus Raſtatt — vermißt.
6556 2580 7947 2633 Füſilier Heinrich Küſter aus Schonnebeck, Kreis Eſſen — vermißt.
7076 2663 7439 2709 11. Kompagnie.
6555 2718 7948 2769 Füſilier Heinrich Dargies aus Schudienen, Kreis Tilſit — tot,
6645 2764 6866 2810 Bruſtſchuß.
6554 2821 7948 2872 Füſilier Wilhelm Uhde aus Küblingen, Kreis Wolfenbüttel —
6647 2868 6804 2913 vermißt.
6555 2923 7947 2976 Füſilier Hermann Witte aus Etingen, Kreis Gardelegen — vermißt.
6555 2981 7882 3033 Füſilier Stanislaus Misko aus Obra, Kreis Bomſt — vermißt.
6552 3039 7948 3093 Füſilier Guſtav Bährens aus Lenglern, Kreis Göttingen —
6646 3096 6803 3142 vermißt.
6552 3153 7949 3207 Füſilier Alois Krämer aus Gausbach, Bezirksamt Raſtatt —
6645 3201 6802 3245 vermißt.
6552 3256 7839 3309 Füſilier Baptiſt Mura aus Mollau, Kreis Thann — vermißt.
7074 3339 7438 3385 12. Kompagnie.
6552 3389 7951 3443 Füſilier Heinrich Klöpfer aus Grohnde, Kreis Hameln — ſchwer
6642 3440 7470 3483 verwundet, Schuß in die Schulterblätter.
6552 3490 7950 3545 Füſilier Hermann Bohn aus Vimbuch, Bezirksamt Bühl — ſchwer
6644 3535 7432 3588 verwundet, Schuß in den Oberſchenkel.
6550 3594 7952 3648 Füſilier Heinrich Müller IV. aus Benzingen, Bezirksamt Gammer⸗
6639 3644 7716 3692 tingen — ſchwer verwundet, Schuß in den Unterleib.
6550 3702 7947 3753 Füſilier Karl Fritz aus Immeringen, Bezirksamt Gammertingen —
6641 3748 7390 3794 leicht verwundet, Schuß in den Arm.
6548 3804 7946 3855 Füſilier Wilhelm Moeck aus Willmandingen, Bezirksamt Reutlingen
6639 3851 7632 3899 — ſchwer verwundet, Schuß in den Oberſchenkel.
6925 3942 7572 3989 Infanterieregiment Nr. 41.
7074 4011 7420 4057 5. Kompagnie.
6545 4068 7606 4117 Musketier Peteaux — leicht verwundet, Armſchuß.
7074 4148 7416 4194 6. Kompagnie.
6543 4205 7938 4255 Vizefeldwebel der Reſerve Lehmann — leicht verwundet, Bruſtſchuß.
6544 4262 7621 4310 Gefreiter Launert — leicht verwundet, Rückenſchuß.
7072 4330 7415 4376 7. Kompagnie.
6541 4387 7940 4437 Musketier Paul Guſtav Albinski aus Riebnig, Kreis Brieg —
6636 4432 7213 4480 ſchwer verwundet, Beinſchuß.
6542 4488 7937 4540 Gefreiter der Reſerve Joſeph Philipp⸗Humelt aus Magdeburg,
6629 4537 7142 4584 Kreis Magdeburg — tot.
7070 4604 7410 4651 8. Kompagnie.
6540 4661 7932 4712 Musketier Emil Weiß aus Neu Deszerin, Kreis Niederung — tot.
6917 4754 7559 4801 Infanterieregiment Nr. 59.
7070 4822 7410 4868 3. Kompagnie.
6538 4879 7563 4927 Sergeant Rudolf Brecko aus Berlin — vermißt.
7068 4948 7407 4994 5. Kompagnie.
6538 5005 7937 5054 Gefreiter Guſtav Zils aus Hohenkirch, Kreis Brieſen — leicht ver⸗
6633 5051 7306 5098 wundet, Gewehrſchuß linker Arm.
7059 5120 7408 5167 8. Kompagnie.
6532 5172 7934 5226 Gefreiter Karl Friedrich Werner aus Froſe, Kreis Ballenſtedt
6628 5224 6860 5266 — vermißt.
7066 5268 7405 5314 9. Kompagnie.
6534 5321 7931 5375 Musketier Otto Schlecht aus Leſtwitzhof, Kreis Guhrau — vermißt.
7061 5393 7419 5439 11. Kompagnie.
6534 5449 7930 5502 Musketier Karl Schielmann aus Strasburg, Weſtpreußen —
6626 5497 6788 5538 vermißt.
6920 5542 7562 5588 Infanterieregiment Nr. 74.
6531 5611 7408 5656 Kommandeur Oberſt Prinz Lippe — tot.
6907 5701 7549 5748 Infanterieregiment Nr. 76.
7057 5768 7401 5814 5. Kompagnie.
6531 5825 7928 5873 Gefreiter Willy Schröder aus Hamburg, Kreis Hamburg — leicht
6624 5873 6987 5919 verwundet, Geſäß.
6529 5927 7925 5975 Musketier Max Stahl aus Hamburg, Kreis Hamburg — leicht ver⸗
6623 5975 7033 6021 wundet, rechter Fuß.
6528 6029 7929 6076 Musketier Emil Wilke aus Hamburg, Kreis Hamburg — leicht ver⸗
6626 6075 7039 6122 wundet, linkes Bein.
6528 6131 7921 6179 Erſatzreſerviſt Musketier Albertus Simon aus St. Petersburg⸗
6617 6178 7041 6225 Rußland — vermißt.
7051 6246 7389 6293 6. Kompagnie.
6525 6297 7922 6354 Gefreiter Otto Schröder I. aus Hamburg, Kreis Hamburg — Ver⸗
6620 6349 7006 6394 wundung am Kopf.
6523 6403 7922 6452 Reſerviſt Hans Alexander aus Hamburg, Kreis Hamburg — leicht
6619 6450 7097 6496 verwundet, rechte Hüfte.
8367 865 9056 913 Infanterieregiment Nr. 142.
8546 934 8884 980 1. Kompagnie.
8013 989 9408 1038 Musketier Joſef Folzer aus Sulz, Kreis Gebweiler — ſchwer ver⸗
8108 1037 8507 1083 wundet, Bauchſchuß.
8013 1089 9414 1140 Reſerviſt Bernauer aus Meckesheim, Kreis Heidelberg — leicht
8107 1138 8584 1183 verwundet, rechter Arm.
8013 1194 9413 1243 Musketier Michael Schaffhauſen aus Felſenbach, Kreis Geb⸗
8108 1240 8632 1287 weiler — tot, Bauchſchuß.
8013 1297 9414 1348 Reſerviſt Chriſtian Stegmaier aus Gebenhauſen, Kreis Geppig —
8111 1343 8707 1389 leicht verwundet, rechter Arm.
8546 1411 8881 1459 2. Kompagnie.
8015 1467 9412 1519 Musketier Karl Greis aus Vollmatingen, Kreis Konſtanz — ſchwer
8110 1514 8567 1560 verwundet, Bauchſchuß.
8016 1571 9411 1622 Musketier Jacob Benz aus Colmar i. Elſ. — ſchwer verwundet,
8111 1617 8333 1663 Bauchſchuß.
8537 1675 8874 1721 3. Kompagnie.
8015 1731 9410 1783 Reſerviſt Johann Samstag aus Sandhofen, Kreis Mannheim —
8111 1777 8400 1823 tot, Kopfſchuß.
8015 1833 9408 1882 Musketier Eugen Lais I. aus Schopfheim, Kreis Schopfheim —
8113 1875 8405 1925 tot, Kopfſchuß.
8014 1935 9409 1990 Musketier Karl Gaiger aus Gemmingen, Kreis Eppingen — tot,
8113 1977 8309 2029 Kopfſchuß.
8015 2037 9411 2092 Vizefeldwebel Robert Oppermann aus Linden, Kreis Hannover
8109 2085 8747 2133 — ſchwer verwundet, Kopfſchuß.
8014 2140 9412 2192 Horniſt Joſef Würth aus Siegolsheim, Kreis Rappoltsweiler —
8113 2186 8714 2234 leicht verwundet, rechtes Bein.
8538 2256 8878 2304 4. Kompagnie.
8015 2313 9292 2366 Reſerviſt Friedrich Nuffer aus Mannheim — tot, Bruſtſchuß.
8015 2369 9406 2423 Musketier Anton Schindler aus Unterharmersbach, Kreis Offen⸗
8110 2415 8862 2461 burg — leicht verwundet, linker Arm.
8015 2472 9410 2526 Musketier Adolf Geiges aus Lauterbach, Kreis Baden — ſchwer
8110 2518 8578 2563 verwundet, linkes Bein.
8015 2573 9409 2629 Reſerviſt Karl Linnig aus Goldberg i. Schl. — leicht verwundet,
8112 2620 8344 2666 Rückenſchuß.
8368 2699 9049 2750 Infanterieregiment Nr. 148.
8536 2770 8880 2818 7. Kompagnie.
8019 2825 9408 2876 Musketier Guſtav Lauſch aus Pinneberg, Kreis Wedel — verwundet.
8537 2895 8878 2942 8. Kompagnie.
8017 2952 9408 3007 Sergeant Karl Glückſtadt aus Huſum, Kreis Huſum — vermißt.
8521 3022 8893 3070 10. Kompagnie.
8016 3078 9409 3132 Gefreiter Oswald Eſchholz aus Breitenbach, Kreis Sangerhauſen —
8109 3125 8266 3171 vermißt.
8525 3183 8896 3230 11. Kompagnie.
8016 3239 9409 3293 Gefreiter Vollrath Isbarn aus Strohkirchen, Kreis Hagenow —
8111 3288 8310 3325 verwundet.
8359 3365 9043 3413 Infanterieregiment Nr. 152.
8525 3434 8870 3482 3. Kompagnie.
8019 3480 9416 3544 Gefreiter Wilhelm Vögele aus Kniedlingen, Kreis Karlsruhe —
8115 3533 8315 3585 verwundet.
8025 3591 9415 3646 Musketier Karl Moor aus Elſterheim, Oberamt Neckenheim,
8115 3638 8668 3684 Württemberg — verwundet.
8019 3693 9414 3748 Musketier Grebbin — verwundet, Lungenſchuß. Kompagnie nicht
8112 3741 8263 3783 bekannt.
8519 3788 8864 3836 5. Kompagnie.
8014 3841 8689 3891 Musketier Grebbin — vermißt.
8540 3913 8891 3961 7. Kompagnie.
8012 3968 8749 4017 Vizefeldwebel Zimmny — vermißt.
8359 4061 9043 4109 Infanterieregiment Nr. 171.
8523 4131 8885 4178 10. Kompagnie.
8010 4184 9325 4238 Gefreiter Auguſt Heitel aus Hildesheim⸗Moritzberg — vermißt.
8010 4241 9162 4293 Musketier Paul Kerſten aus Braunſchweig — vermißt.
8010 4298 9403 4350 Musketier Hermann Skottke aus Oberg, Kreis Peine — vermißt.
8009 4355 9406 4406 Musketier Ludwig Rohleder aus Medelohn, Kreis Brilon —
8103 4404 8259 4448 vermißt.
8009 4461 9403 4509 Gefreiter der Reſerve Wilhelm Schwecke aus Oberhauſen — vermißt.
8009 4518 9404 4567 Gefreiter der Reſerve Joſef Gaoſtka aus Oberhauſen — vermißt.
8009 4575 9402 4623 Gefreiter der Reſerve Viktor Schneider aus Biſchweiler — vermißt.
8008 4632 9403 4681 Gefreiter der Reſerve Auguſt Wetterwald aus Oſthauſen — vermißt.
8388 4724 9018 4771 Dragonerregiment Nr. 10.
8547 4792 8838 4832 5. Eskadron.
8007 4848 9401 4895 Fahnenjunker, Gefreiter Franz Schröter aus Mollehnen, Kreis
8099 4895 9331 4944 Fiſchhauſen — ſchwer verwundet, rechtes Bein, Gewehrſchuß.
8381 4987 9012 5033 Dragonerregiment Nr. 22.
8552 5066 8846 5105 1. Eskadron.
8003 5122 9398 5171 Dragoner Eugen Oßwald II. aus Sulzburg, Kreis Müllheim i. B.
8092 5168 8753 5215 — leicht verwundet, rechter Arm.
8003 5224 9396 5273 Dragoner Wilhelm Fallert aus Sasbachwalden, Kreis Achern i. B.
8094 5270 9193 5317 — leicht verwundet, Streifſchuß rechter kleiner Finger.
8002 5326 9394 5375 Dragoner Erich Rogaß aus Vorsfelde, Kreis Helmſtedt i. Braunſchw.
8094 5371 8768 5419 — ſchwer verwundet, linkes Bein.
8001 5427 9395 5478 Leutnant Georg Gawantka aus Berlin — leicht verwundet,
8095 5475 8316 5514 linker Arm.
8000 5530 9397 5578 Dragoner Ernſt Bury aus Horheim, Kreis Waldshut i. B. —
8093 5576 8583 5622 ſchwer verwundet, Bruſt.
7999 5632 9392 5685 Fahnenjunker Erwin Brüning aus Eſſen, Kreis Eſſen a. Ruhr —
8090 5679 8247 5724 vermißt.
7998 5734 9389 5790 Dragoner Joſef Rees aus Freiburg, Kreis Freiburg i. B. —
8090 5780 8246 5827 vermißt.
7997 5833 9389 5887 Dragoner Johann Hanike aus Seide⸗Goſtyn, Kreis Oſtrowo —
8089 5882 8244 5928 vermißt.
7995 5939 9391 5988 Dragoner Johann Kempf aus Künzelhau, Kreis Mergentheim
8080 5982 8528 6030 i. Wttbg. — vermißt.
7994 6040 9390 6093 Sergeant Wilhelm Siegmund aus Unterwilda, Kreis Poſen —
8086 6086 8243 6132 vermißt.
8528 6142 8818 6184 2. Eskadron.
7993 6198 9388 6250 Leutnant Heinrich Mechtersheimer aus Landau, Kreis Landau
8086 6244 8873 6297 Pfalz — leicht verwundet, linkes Bein.
7993 6300 9386 6352 Dragoner Wilhelm Wittmann aus Ettenheim, Kreis Baden i. B.
8073 6341 8746 6391 — leicht verwundet, linkes Bein.
7992 6402 9388 6454 Unteroffizier Emil Köhler aus Klauen, Kreis Peine — leicht ver⸗
8086 6448 8726 6496 wundet, linker Arm Streifſchuß.
799 3709 2026 3770 Es wurden befördert deutſche Auswanderer im Monat Juli
978 3761 1066 3800 über
911 3802 1074 3852 Bremen
912 3852 1092 3898 Hamburg
912 3909 1407 3956 deutſche Häfen zuſammen
912 3953 1500 4006 fremde Häfen (ſoweit ermittelt)
1118 4013 1308 4059 überhaupt
1576 3769 1669 3806 1914
1584 3814 1659 3856 614
1585 3861 1647 3897 671
1559 3917 1652 3959 1285
1601 3961 1653 4000 56
1559 4022 1648 4058 1341
1813 3772 1900 3808 1913
1823 3818 1888 3854 795
1820 3864 1887 3900 803
1797 3922 1886 3957 1598
1819 3967 1885 4002 614
1792 4025 1895 4059 2212.
