10072 7592
951 390 1991 443 Miniſterium für Handel und Gewerbe.
877 461 2186 517 Dem Direktor im Miniſterium für Handel und Gewerbe
808 513 2189 569 uſensky iſt der Vorſitz und dem Direktor in demſelben
771 564 2187 619 Miniſterium von Meyeren der ſtellvertretende Vorſitz in
771 614 2186 671 der Königlichen Techniſchen Deputation für Gewerbe über⸗
769 670 1097 723 tragen worden.
1077 751 1872 805 Evangeliſcher Oberkirchenrat.
874 822 2184 882 Zum Reiſeprediger des Nordbezirks der deutſchen evangeli⸗
773 872 2184 931 ſchen La Plata⸗Synode mit dem Sitze in Buenos Aires iſt
770 926 2010 983 der Paſtor a. D. Pfeiffer in Berlin berufen worden.
1311 1126 1627 1178 Abgereiſt:
876 1196 2181 1254 Seine Exzellenz der Staatsminiſter und Miniſter der
768 1247 2180 1306 öffentlichen Arbeiten von Breitenbach mit Urlaub nach der
763 1307 954 1360 Schweiz.
1229 1534 1706 1615 Nichtamtliches.
1162 1657 1775 1710 Deutſches Reich.
995 1740 1930 1798 Preußen. Berlin, 29. Juni 1914.
864 1812 2172 1870 Seine Kaiſerliche und Königliche Hoheit der
757 1864 2174 1925 Erzherzog Franz Ferdinand und Seine Gemahlin,
756 1916 2170 1978 Herzogin Sophie von Hohenberg, ſind am Sonntag⸗
758 1966 2169 2031 vormittag in Serajewo ermordet worden. Worte können dem
755 2018 2170 2079 Abſcheu, der Empörung, dem Entſetzen nicht gerecht
755 2068 2169 2128 werden, womit die Kunde von dieſer Greueltat in Deutſch⸗
753 2120 2169 2180 land aufgenommen wird. Unabſchätzbare Werte ſind zerſtört
758 2171 2169 2234 durch das fluchwürdige Verbrechen, das den Thronerben der
755 2222 2167 2285 Habsburgiſchen Monarchie und an ſeiner Seite die edle, bis zum
752 2273 2166 2335 letzten Atemzuge tapfere Frau jäh aus dem Leben geriſſen hat.
753 2325 2165 2387 Tiefes Weh iſt in dem Unglück des verbündeten Kaiſerſtaates
753 2377 2167 2436 auch dem Deutſchen Reiche widerfahren. Seine Majeſtät der
749 2426 2167 2483 Kaiſer und König verliert einen wahren, noch in den Tagen
754 2480 2165 2542 des jüngſten Beſuches in Konopiſcht mit herzlicher Zuneigung
750 2531 2167 2589 begrüßten Freund. Unſer erſtes innigſtes Gedenken wendet
751 2583 2165 2649 ſich bei dieſem ſchweren Schickſalsſchlag dem ehrwürdigen,
751 2634 2165 2696 durch Leid geheiligten Kaiſer und König Franz Joſeph zu,
748 2685 2165 2745 und treue Segenswünſche gelten dem jungen Fürſten, dem das
752 2736 2165 2798 Los zugefallen iſt, unter ſo erſchütternden Umſtänden in die
749 2787 2166 2850 Rechte und Pflichten des Thronfolgers der Donaumonarchie
747 2851 983 2902 einzutreten.
852 2969 2165 3030 Die vereinigten Ausſchüſſe des Bundesrats für Zoll⸗
747 3023 2165 3082 und Steuerweſen und für Handel und Verkehr hielten heute
748 3083 1039 3135 eine Sitzung.
851 3192 2166 3253 Der Kaiſerlich japaniſche Botſchafter Soughimoura hat
746 3245 2164 3306 Berlin verlaſſen. Während ſeiner Abweſenheit führt der
745 3297 2053 3360 1. Botſchaftsſekretär Saſano die Geſchäfte der Botſchaft.
846 3471 2166 3536 Nach §§ 80, 86 Abſatz 2 und 203 Abſatz 2 und 3 ſowie
738 3524 2165 3590 § 60 des Waſſergeſetzes vom 7. April 1913 unterliegen
739 3574 2164 3634 die Urkunden über die Verleihung und Sicher⸗
738 3627 2164 3694 ſtellung von Rechten an Waſſerläufen und anderen
740 3679 2162 3746 Gewäſſern ſowie Urkunden über die Bewilligung
739 3730 2162 3796 von Friſtverlängerungen für die Ausführung
739 3782 2163 3846 und Inbetriebſetzung eines Unternehmens einer
741 3828 2163 3899 Stempelabgabe. Auf die Abgabe finden die Be⸗
745 3886 2163 3949 ſtimmungen des Stempelſteuergeſetzes in der Faſſung vom
742 3937 2163 4002 30. Juni 1909 entſprechende Anwendung. Die Erhebung der
745 3989 2164 4055 Abgabe und die rechtzeitige Verwendung der Stempelzeichen zu
743 4040 2161 4103 den Urkunden liegt den Verleihungsbehörden (Bezirksausſchüſſen)
745 4090 2163 4158 ob, die auch den Wert des verliehenen oder ſichergeſtellten
741 4144 2161 4211 Rechtes zur Berechnung der Stempelabgabe zu ermitteln haben.
742 4195 2162 4260 Der Steuerpflichtige iſt zur Auskunft über den Wert verpflichtet.
849 4373 2164 4432 Die Nr. 6 der Amtlichen Nachrichten des Reichs⸗
746 4425 2162 4492 verſicherungsamts vom 15. Juni 1914 enthält im Amt⸗
748 4481 1840 4545 lichen Teile unter A. Unfallverſicherung:
841 4540 2164 4598 ein Rundſchreiben des Amts an die Genoſſenſchaften vom
750 4586 2164 4645 25. März 1914 über Grundſätze bei Abfindung von Unfallrenten
752 4638 1671 4696 gemäß § 616 der Reichsverſicherungsordnung;
842 4677 2165 4738 ein Rundſchreiben an die gewerblichen Berufsgenoſſenſchaften
751 4723 2166 4780 vom 22. Mai 1914 wegen Erſtattung der Jahresberichte über die
755 4770 2166 4829 Durchführung der Unfallverhütungsvorſchriften (§ 883 Abſ. 2 der
752 4826 1311 4877 Reichsverſicherungsordnung).
850 4862 2166 4921 Dann folgen Rekursentſcheidungen (2707 bis 2711), Entſcheidungen
752 4906 2176 4967 der Beſchlußſenate (2712 bis 2715) und andere Entſcheidungen (2716
755 4954 2166 5013 und 2717) — alle grundſätzlicher Art — über folgende Gegenſtände:
853 4999 2167 5060 Dem Erforderniſſe des § 1 Abſ. 1 Ziffer 7 des Gewerbeunfall⸗
760 5047 2169 5107 verſicherungsgeſetzes (Eintragung des Inhabers des Handelsgewerbes
755 5090 2168 5154 im Handelsregiſter) iſt bei einer nach bürgerlichem Recht zu be⸗
760 5132 2171 5198 urteilenden Gelegenheits⸗ (Erwerbs⸗) Geſellſchaft genügt, wenn jeder
756 5179 2070 5245 der Geſellſchafter im Handelsregiſter eingetragen ſteht [2707]*);
854 5223 2175 5289 der § 936 der Reichsverſicherungsordnung iſt auf Unfälle, die
761 5270 2176 5338 vor dem 1. Januar 1913 eingetreten ſind, nicht anzuwenden, auch
764 5325 2175 5380 wenn der gemäß Abſ. 2 vom Oberverſicherungsamte feſtgeſetzte durch⸗
760 5359 2174 5428 ſchnittliche Jahresarbeitsverdienſt höher iſt als der gemäß § 10 des
764 5409 2175 5477 Unfallverſicherungsgeſetzes für Land⸗ und Forſtwirtſchaft von der
764 5454 1734 5524 höheren Verwaltungsbehörde feſtgeſetzte [2708];
853 5506 2173 5566 die nach vorangegangenem Beſcheide durch Endbeſcheid vorge⸗
763 5550 2173 5613 nommene Rentenänderung wird wirkſam mit Ablauf des auf die Zu⸗
764 5595 1761 5662 ſtellung des Beſcheids folgenden Monats [2709];
858 5643 2176 5699 der Begriff des landwirtſchaftlichen Betriebsbeamten im Sinne
760 5686 2184 5750 des § 923 Abſ. 1 Nr. 2 der Reichsverſicherungsordnung iſt kein anderer
766 5734 2180 5793 als der bisher durch die Spruchübung des Reichsverſicherungsamts
761 5779 2181 5849 feſtgelegte. Hausſöhne in kleinen und mittleren bäuerlichen Wirt⸗
765 5827 1789 5892 ſchaften fallen in der Regel nicht darunter [2710];
860 5871 2185 5935 Baufuhren der preußiſchen Anſiedlungskommiſſion für ihre
769 5916 2186 5978 Stellenbauten können in die landwirtſchaftliche Unfallverſicherung nur
767 5961 2187 6029 nach § 1 Abſ. 4 des Unfallverſicherungsgeſetzes für Land⸗ und Forſt⸗
766 6009 2188 6075 wirtſchaft (§ 916 der Reichsverſicherungsordnung) einbezogen werden
765 6076 918 6126 [2711];
857 6095 2187 6166 zur Verſicherungspflicht der Fahrzeughaltung von Gewerbe⸗
767 6164 1132 6208 treibenden [2712];
862 6191 2191 6257 der Begriff, „Bauherr“ iſt auch nach Erlaß der Reichsverſicherungs⸗
771 6235 2193 6306 ordnung im Sinne der Beſcheide 1888 und 1958 (Amtliche Nach⸗
769 6283 2195 6350 richten des R.⸗V.⸗A. 1901 S. 603 und 1902 S. 562) zu verſtehen
771 6352 917 6399 [2713];
863 6414 2200 6488 *) Die neben den einzelnen Entſcheidungen ſtehenden ein⸗
770 6468 2194 6537 geklammerten Zahlen geben die Ziffer an, unter welcher dieſe in den
775 6518 1634 6582 „Amtlichen Nachrichten“ veröffentlicht ſind.
2353 378 3648 432 eine Gemeinde, die ihre bisher bei einer Berufsgenoſſenſchaft ver⸗
2252 419 3650 478 ſicherte, nicht gewerbsmäßige Fahrzeughaltung auf Grund des § 628
2255 469 3652 524 Abſ. 1, § 537 Nr. 6 der Reichsverſicherungsordnung nach Erklärung
2255 514 3658 570 ihrer Leiſtungsfähigkeit in eigene Verſicherung genommen hat, iſt auf
2255 560 3648 615 Grund des § 628 Abſ. 4 letzter Satz zur Uebernahme der aus den
2253 604 3649 661 ausgeſchiedenen Betriebszweigen erwachſenen Unfallaſt verpflichtet [2714];
2351 651 3652 701 die Beſtrafung aus § 909 Nr. 3 der Reichsverſicherungsordnung
2255 695 3648 753 ſetzt ein Verſchulden des beſtraften Unternehmers voraus; eine Be⸗
2253 741 3564 795 weislaſt für den Unternehmer beſteht im Verfahren nicht [2715];
2350 784 3650 837 bei Verhältniswahlen iſt im Falle des § 688 der Reichs⸗
2250 830 3649 886 verſicherungsordnung und bei den Wahlen der Vertreter zur Ge⸗
2252 875 3648 929 noſſenſchaftsverſammlung eine Vertretung des Mitglieds durch ein
2252 920 3648 982 bevollmächtigtes anderes Mitglied oder den bevollmächtigten Leiter
2251 966 3648 1018 des eigenen Betriebs zuläſſig. Anweſenheit des Vollmachtgebers im
2247 1009 3647 1066 Wahlraum hindert bei der Wahl der Vertreter zur Genoſſen⸗
2252 1056 3646 1112 ſchaftsverſammlung nicht die Stimmabgabe durch dieſen Be⸗
2249 1109 2691 1157 vollmächtigten [2716];
2345 1147 3646 1202 lehnt die Zweiganſtalt einer Berufsgenoſſenſchaft es ab, Arbeiten,
2250 1193 3645 1248 für die ihr ein Nachweis zugegangen iſt, in Verſicherung zu nehmen,
2249 1238 3645 1293 weil ſie ſich nicht für zuſtändig hält, ſo iſt dagegen eine Rechtsmittel⸗
2250 1289 2885 1339 beſchwerde nicht gegeben [2717].
2354 1350 3644 1409 Der Abſchnitt B. (Kranken⸗, Invaliden⸗ und
2245 1401 3645 1460 Hinterbliebenenverſicherung) enthält 6 grundſätzliche
2244 1454 3319 1514 Reviſionsentſcheidungen mit folgenden Leitſätzen:
2341 1514 3644 1564 Die Geltendmachung des Erſatzanſpruchs einer Krankenkaſſe gegen
2245 1560 3643 1614 eine Berufsgenoſſenſchaft nach den §§ 1501, 1515 Abſ. 2 der Reichs⸗
2245 1605 3642 1660 verſicherungsordnung ſetzt voraus, daß die Entſchädigungsverpflichtung
2243 1651 3642 1702 der Berufsgenoſſenſchaft unſtreitig oder darüber rechtskräftig im Ver⸗
2242 1699 3275 1753 fahren der Unfallverſicherung entſchieden iſt [1857];
2338 1741 3642 1792 die Kinder eines verſtorbenen Verſicherten haben auf Waiſenaus⸗
2243 1786 3642 1842 ſteuer keinen Anſpruch, wenn die Ehe ihrer Mutter mit dem Ver⸗
2240 1836 3220 1889 ſtorbenen vor deſſen Tode geſchieden war [1858];
2338 1877 3642 1934 im Falle des § 1303 der Reichsverſicherungsordnung iſt die Rente
2241 1927 3192 1981 für den ganzen Sterbemonat zu zahlen [1859];
2336 1968 3640 2021 die Witwerrente iſt, und zwar in vollem Umfang, auch dann feſt⸗
2239 2014 3639 2071 zuſtellen, wenn ſie infolge Zuſammentreffens mit der höheren In⸗
2238 2065 3017 2111 validenrente des Witwers ruht [1860];
2334 2102 3640 2160 im Gegenſatz zu der Rechtſprechung des Reichsverſicherungsamts
2239 2150 3640 2207 unter der Herrſchaft des Invaliditäts⸗ und Altersverſicherungsgeſetzes
2238 2197 3639 2251 vom 22. Juni 1889 (zu vergleichen die Reviſionsentſcheidungen 451, 674,
2238 2238 3639 2298 Amtliche Nachrichten des R.⸗V.⸗A., J.⸗ u. A.⸗V. 1895 S. 244, 1898
2239 2286 3639 2344 S. 394) iſt die Aufrechnung zu Unrecht gezahlter Rentenbeträge
2238 2333 3637 2391 (§ 1324 der Reichsverſicherungsordnung) auch zuläſſig, wenn Alters⸗
2236 2379 3637 2436 rentenbeträge gegen Beträge aufgerechnet werden, die in einem früheren
2239 2427 3318 2481 Invalidenrentenverfahren gezahlt worden ſind [1861];
2337 2470 3638 2526 1) um eine Einſtellung der Rente im Sinne des § 1633 der
2235 2517 3638 2573 Reichsverſicherungsordnung handelt es ſich auch dann, wenn der
2236 2562 3637 2618 Rentenempfänger auf den Weiterbezug der Rente verzichtet. Der
2237 2607 3637 2664 Erteilung des berufungsfähigen Beſcheids hat auch in dieſem Falle
2236 2656 3637 2710 eine Vorbereitung der Sache durch das Verſicherungsamt voranzu⸗
2236 2694 3637 2758 gehen (§ 1626). 2) Auf die Fälle der Renteneinſtellung iſt § 1308
2234 2743 3637 2805 grundſätzlich nicht anwendbar. Es iſt aber eine Frage der Aus⸗
2232 2789 3638 2848 legung im Einzelfall, ob der Berechtigte im Falle des Verzichts auf
2236 2836 3637 2891 den Weiterbezug der Rente wegen einer weſentlichen Aenderung in
2235 2882 3637 2939 ſeinen Verhältniſſen zugleich auf den Bezug der bei Durchführung
2235 2928 3638 2982 des Rentenentziehungsverfahrens aus der Anwendung des § 1308 der
2235 2974 3637 3030 Reichsverſicherungsordnung ſich ergebenden Rententeilbeträge hat ver⸗
2235 3027 2667 3078 zichten wollen [1862].
2332 3064 3642 3123 Hieran ſchließen ſich grundſätzliche Entſcheidungen des Beſchluß⸗
2235 3111 3640 3166 ſenats. Die Entſcheidung 1863 beſchäftigt ſich mit der Anwendbarkeit
2235 3157 3640 3211 des Begriffs „Bühnenmitglieder“ im Sinne des § 1226 Abſ. 1 Nr. 4
2235 3206 3120 3258 der Reichsverſicherungsordnung auf Artiſten.
2332 3248 3639 3299 Die Entſcheidung 1864 erklärt nach Vollendung des 40. Lebens⸗
2236 3289 3640 3353 jahrs die Weiterverſicherung gemäß § 1244 der Reichsverſicherungs⸗
2236 3340 3642 3390 ordnung für ausgeſchloſfen, wenn die Anwartſchaft aus einem früheren
2231 3383 3642 3440 Verſicherungsverhältnis, en iſt und nach § 1283 Abſ. 3 a. a. O.
2234 3435 2781 3489 nicht wieder aufleben kann.
2330 3475 3642 3531 Die Entſcheidung 1865 bejaht die Auskunftspflicht des Arbeit⸗
2233 3520 3642 3579 gebers nach § 1466 der Reichsverſicherungsordnung auch noch nach
2235 3564 3643 3624 Beendigung des Beſchäftigungsverhältniſſes, über das die Auskunft
2235 3624 2516 3670 verlangt wird.
2330 3659 3642 3714 Den Schluß bilden die Ueberſichten über die Zahlungen aus
2234 3704 3641 3760 Invaliden⸗, Kranken⸗, Alters⸗ und Zuſatzrenten und über die Ver⸗
2234 3751 3644 3807 ſicherungsleiſtungen der 31 Verſicherungsanſtalten an Hinterbliebene
2234 3796 3643 3851 im Monat April 1914 ſowie über den Erlös aus Beitragsmarken im
2233 3853 2617 3895 Monat Mai 1914.
2287 3916 3065 3973 Der Nichtamtliche Teil bringt:
2330 3974 3643 4030 die Anzeige des ſoeben in 2. Auflage im Verlage von Franz
2235 4022 3644 4080 Vahlen in Berlin erſchienenen Buches des Präſidenten Dr. jur.
2235 4066 3646 4121 et med. h. c. Paul Kaufmann: „Schadenverhütendes Wirken in der
2233 4120 2938 4170 deutſchen Arbeiterverſicherung“ und
2330 4158 3646 4209 den Abdruck eines am 5. März 1914 im Reichsverſicherungsamte
2233 4203 3645 4267 gehaltenen Vortrags des Geheimen Medizinalrats, Profeſſors Dr.
2232 4228 3415 4314 Paſſow in Berlin über „Ohrenerkrankungen und Unfälle“.
2345 4422 3647 4482 Laut Meldung des „W. T. B.“ iſt. S. M. S.
2236 4476 3397 4539 „Leipzig“ am 26. Juni in Honolulu eingetroffen.
2344 4650 3650 4708 Kiel, 29. Juni. Seine Majeſtät der Kaiſer und
2235 4702 3651 4769 König empfing die Trauerbotſchaft aus Serajewo während
2241 4755 3652 4817 der geſtrigen Segelregatta am Bord des „Meteor“. Seine
2236 4808 3652 4868 Majeſtät brach die Regatta ſofort ab und begab Sich an
2237 4857 3653 4917 Bord der „Hohenzollern“, wo auch Ihre Majeſtät die
2236 4911 3651 4974 Kaiſerin und Königin aus Grünholz eingetroffen war.
2237 4962 3655 5023 Seiner Majeſtät dem Kaiſer Franz Joſeph hat Seine Majeſtät
2240 5012 3652 5079 ſchon von See aus ſeinen Schmerz telegraphiſch ausgedrückt.
2238 5066 3653 5129 Der Kaiſer hat befohlen, daß die Kriegsſchiffe die Flagge
2239 5118 3655 5184 halbſtock ſetzen und die öſterreichiſch⸗ungariſche Kriegsflagge im
2241 5166 3656 5231 Großmaſt gleichfalls halbſtock, da der Erzherzog Franz Ferdinand
2240 5219 3657 5283 Admiral der deutſchen Flotte war. Die engliſchen Kriegsſchiffe
2240 5274 3313 5338 ſind dieſem Beiſpiel gefolgt, ebenſo die Jachten.
2349 5336 3657 5401 Heute vormittag ſind die Kaiſerlichen und König⸗
2242 5390 3401 5454 lichen Majeſtäten nach Wildpark abgereiſt.
2851 5586 3054 5633 Bayern.
2358 5642 3660 5705 Ihre Majeſtäten der König und die Königin ſind
2249 5694 3661 5758 mit Ihren Königlichen Hoheiten den Prinzeſſinnen⸗Töchtern und
2256 5745 3670 5809 Gefolge vorgeſtern abend in Würzburg eingetroffen und auf
2253 5798 3663 5856 dem Bahnhof von dem Biſchof von Würzburg, den Vertretern
2253 5849 3663 5912 der ſtaatlichen und ſtädtiſchen Behörden und den Bürgermeiſtern
2254 5898 3662 5960 von 46 Landgemeinden empfangen worden. Nach einer Anſprache des
2255 5954 3665 6012 Bürgermeiſters, Hofrats Ringelmann, hielten die Majeſtäten ihren
2261 6004 3663 6066 Einzug in die feſtlich geſchmückte Stadt. Geſtern mittag fand
2259 6056 3665 6115 aus Anlaß der Jahrhundertfeier im Weißen Saale der
2259 6108 3664 6166 Königlichen Reſidenz ein Feſt⸗ und Huldigungsakt ſtatt, bei dem
2260 6159 3666 6219 Seine Majeſtät der König in Erwiderung auf eine Be⸗
2262 6210 3666 6270 grüßungsanſprache des Oberbürgermeiſters eine Rede hielt, in
2261 6262 3667 6321 der er laut Bericht des „W. T. B.“ auf die Königsfrage zu
2267 6319 2790 6374 ſprechen kam und ſagte:
2361 6361 3669 6413 Er habe die Königswürde nur angenommen, weil er gewußt
2264 6406 3668 6464 habe, daß es der Wunſch des ganzen Volkes geweſen ſei, und weil er
2264 6455 3668 6507 damit ein Unrecht habe wieder gut machen wollen. Leider habe die
2266 6502 3667 6557 Verfaſſung früher keine hinreichende Vorſorge dafür getroffen,
3723 369 5108 423 daß die Königswürde nicht an einen unheilbaren Geiſtes.
3722 415 5108 467 kranken übergehen könne. Er wiſſe nun, fuhr der König
3723 460 5108 513 fort, daß die Regentſchaft unter ſeinem hochſeligen Herrn
3718 505 5106 555 Vater eine ſehr glückliche geweſen, aber ein normaler Zu⸗
3721 547 5104 602 ſtand ſei es nicht geweſen. Manche Schwierigkeiten ſeien während der
3724 594 5106 647 Regentſchaft zu überwinden geweſen, die nur mit Hilfe einer Inter⸗
3720 641 5113 692 pretation der Verfaſſung hätten beſeitigt werden können. Der
3720 685 5105 739 König betonte, daß er jederzeit beſtrebt geweſen ſei, das Wohl
3722 730 5104 782 des ganzen Volkes ohne jeden Unterſchied der Landesteile,
3720 775 5105 830 der Stände und der Erwerbsklaſſen zu fördern; er hoffe, daß
3722 820 5104 872 es ihm möglich ſein werde, noch mehr für ſein Volk zu leiſten.
3721 865 5106 918 Nach einem Hinweis auf die Geſchichte des Frankenkreiſes ſagte
3721 908 5109 963 Seine Majeſtät der König alsdann: „Durch die Gründung des Reiches
3720 956 5104 1010 ſind wir ja nach außenhin geſichert, wenn es aber einmal ſein ſollte,
3724 1000 5105 1055 daß wir um unſere Exiſtenz kämpfen müſſen, ſo zweifle ich nicht, daß
3720 1046 5105 1098 das bayeriſche Volk, wie zu allen Zeiten, treu zu ſeinem Königshauſe
3721 1091 5104 1144 ſtehen wird. Gebe Gott einen langen Frieden! Sollten wir aber ge⸗
3719 1133 5105 1189 zwungen ſein, wieder vor den Feind zu ziehen, ſo vertraue ich, daß unter
3718 1182 5102 1235 der Führung des Deutſchen Kaiſers die bayeriſche Armee ſich neue Lorbeeren
3719 1228 5103 1279 holen wird. Das materielle Wohl, wie das geiſtige, kann nur dann
3721 1272 5102 1326 gedeihen, wenn Friede unter den einzelnen Volksteilen beſteht, und
3717 1318 5103 1369 wenn man nie vergißt, daß man einem Volke angehört.“ Seine
3719 1362 5104 1412 Majeſtät ſchloß mit der Hoffnung, daß dem vergangenen Jahrhundert
3720 1408 5102 1462 noch viele glückliche für Franken, für Bayern und für das Deutſche
3716 1462 4119 1508 Reich folgen mögen.
3825 1510 5102 1568 Als Ihre Majeſtäten der König und die Königin die Nach⸗
3717 1561 5102 1615 richt von dem Attentat auf den Erzherzog⸗Thron⸗
3716 1612 5102 1676 folger von Oeſterreich⸗Ungarn und deſſen Gemahlin
3716 1663 5102 1724 erhielten, brachen ſie ſofort die weitere Teilnahme an den
3719 1714 5101 1775 Feierlichkeiten ab, gaben auch die für heute angeſetzten Beſuche
3717 1764 5102 1823 der Städte Schweinfurt, Kitzingen und Ansbach auf und kehrten
3716 1817 5101 1874 nach München zurück. Ihre Majeſtäten der König und die
3715 1867 5100 1926 Königin haben Seiner Majeſtät dem Kaiſer von Oeſterreich
3713 1920 4823 1980 ſofort telegraphiſch ihre Teilnahme ausgeſprochen.
4146 2023 4683 2083 Sachſen⸗Meiningen.
3820 2088 5098 2143 Geſtern vormittag hat die feierliche Beerdigung
3712 2140 5099 2199 Seiner Hoheit des Herzogs Georg ſtattgefunden. Wie
3713 2190 5099 2253 „W. T. B.“ meldet, hielt in der Stadtkirche, wo ſich die
3707 2241 5098 2300 höchſten Herrſchaften verſammelt hatten, der Oberhofprediger
3709 2294 5095 2351 Rahlwes die Gedächtnisrede. Nach dem Geſang des Chores
3711 2345 5097 2402 der Stadtkirche wurde der Sarg von zehn Kammerherren,
3709 2393 5100 2456 unterſtützt von zehn Hofhandwerkern, auf den vor dem Portal
3710 2447 5096 2508 ſtehenden ſechsſpännigen Leichenwagen getragen. Das 1. Bataillon
3711 2497 5095 2557 des 2. Thüringiſchen Infanterieregiments Nr. 32 ſtand in
3709 2550 5094 2610 Trauerparade vor der Kirche, während die beiden anderen
3714 2600 5091 2658 Bataillone des Regiments zur Spalierbildung und Abſperrung
3709 2652 5092 2712 des Friedhofs befohlen waren. Unter Vorantritt der Militär⸗
3709 2703 5089 2763 kapelle, der Schüler der Meiningiſchen Schulen, des
3708 2755 5091 2816 militäriſchen Ehrengeleits, der Hofoffizianten, Mitglieder
3710 2805 5090 2868 der Herzoglichen Hoftheater und der Herzoglichen Kapelle,
3710 2857 5091 2916 der Geiſtlichkeit aller drei Bekenntniſſe, ſetzte ſich der
3709 2910 5091 2972 Leichenzug in Bewegung. Dem von zehn Kammerherren
3709 2961 5092 3023 umgebenen Leichenwagen folgten Seine Hoheit der Herzog
3713 3011 5097 3074 Bernhard, Ihre Durchlauchten die Prinzen Ernſt und Friedrich
3713 3063 5096 3121 und die übrigen Prinzen des Herzoglich Meiningiſchen Hauſes,
3712 3113 5096 3177 Ihre Königlichen Hoheiten der Großherzog von Sachſen und
3713 3167 5095 3228 der Prinz Adalbert von Preußen, Seine Hoheit der Herzog von
3712 3217 5094 3277 Altenburg, Seine Durchlaucht der Prinz Heinrich XXX. von
3717 3269 5096 3332 Reuß und andere, ferner die Geſandten, die Gefolge, das Staats⸗
3714 3320 5094 3383 miniſterium, die Beamtenſchaft und das Offizierkorps. Auf dem
3710 3371 5094 3435 Wege zum Friedhofe bildeten Krieger⸗, Militär⸗ und andere patrio⸗
3715 3422 5091 3485 tiſche Vereine der Stadt und der Umgebung Reihen. Auf dem Fried⸗
3715 3473 5093 3537 hofe hatten ſich die Fürſtlichen Damen mit Gefolge an der
3717 3524 5097 3587 Gruft eingefunden und erwarteten hier den Trauerzug. Geſang
3720 3577 5098 3637 des Salzunger Kirchenchors empfing den Trauerzug an der
3721 3624 5103 3688 Gruft. Nach einer kurzen Anſprache des Oberhofpredigers
3716 3679 5099 3743 Rahlwes, die mit dem Vaterunſer und Segen ſchloß, wurde
3717 3730 5102 3791 der Sarg unter Geſängen des Salzunger Kirchenchors in die
3718 3782 5101 3845 Gruft geſenkt. Nachdem ſämtliche Fürſtlichkeiten einen letzten
3718 3834 5099 3896 Blumengruß in die Gruft geſtreut hatten, war die Feier beendet.
4163 4048 4671 4107 Oeſterreich⸗Ungarn.
3829 4111 5100 4172 Der Erzherzog⸗Thronfolger Franz Ferdinand
3717 4164 5099 4227 und ſeine Gemahlin, die Herzogin von Hohen⸗
3717 4215 5100 4278 berg, ſind geſtern einem fluchwürdigen Verbrechen
3714 4268 5099 4333 zum Opfer gefallen. Ueber das Attentat liegen
3716 4318 5102 4388 folgende Meldungen des „W. T. B.“ vor: Geſtern
3716 4368 5099 4437 vormittag trafen der Erzherzog und ſeine Gemahlin
3723 4420 5102 4479 aus dem Kurort Ilisze in Serajewo ein und begaben
3723 4472 5101 4537 ſich mit ihrem Gefolge in Automobilen nach dem Rat⸗
3724 4516 5101 4590 hauſe. Auf der Fahrt dorthin wurde gegen das Automobil
3723 4576 5102 4641 des Thronfolgers eine Bombe geſchleudert, die der Erzherzog
3724 4626 5102 4689 mit dem Arme zurückſtieß. Die Bombe explodierte, nachdem
3725 4678 5103 4745 das erzherzogliche Automobil die Stelle paſſiert hatte. Die in
3726 4725 5103 4795 dem folgenden Automobil befindlichen beiden Herren, Graf
3726 4777 5105 4845 Boos⸗Waldeck und der Flügeladjutant des Landeschefs, Oberſt⸗
3727 4830 5104 4897 leutnant Merizzi, wurden leicht verletzt. Vom Publikum
3726 4883 5103 4949 wurden etwa 20 Perſonen mehr oder weniger ſchwer verletzt.
3726 4937 5104 5000 Der Attentäter, ein Typograph aus Trebinje namens
3728 4988 5105 5051 Cabrinovic, wurde ſofort feſtgenommen. Auf der Weiter⸗
3727 5040 5104 5111 fahrt nach dem Attentatsverſuch wurden dem Erzherzog
3727 5090 5103 5159 und ſeiner Gemahlin ſtürmiſche Huldigungen bereitet. Im
3728 5128 5104 5208 Rathaus wurden die hohen Gäſte vom Bürgermeiſter und den
3728 5182 5107 5257 Gemeinderäten mit Ziviorufen begrüßt. Der Bürgermeiſter
3730 5231 5111 5314 hielt an den Erzherzog eine Anſprache, in der er ihn der un⸗
3727 5285 5107 5365 erſchütterlichen Untertanentreue und Liebe zum Kaiſer und dem
3731 5352 5101 5419 ganzen Herrſcherhauſe Habsburg verſicherte. Der Erzherzog
3730 5410 4433 5469 Franz Ferdinand erwiderte:
3876 5449 5106 5517 Mit beſonderer Freude nehme ich die Verſicherung Ihrer un⸗
3783 5485 5107 5564 erſchütterlichen Treue und Anhänglichkeit an Seine Majeſtät
3783 5535 5109 5610 unſern Allergnädigſten Kaiſer und König entgegen und danke Ihnen,
3777 5571 5106 5656 Herr Bürgermeiſter, herzlich erfreut für die mir und meiner Gemahlin
3780 5613 5109 5700 ſeitens der Bevölkerung bereiteten Huldigungen, umſomehr, als ich
3782 5660 5107 5747 darin auch den Ausdruck der Freude über das Mißglücken des
3781 5708 5108 5794 Attentats erblicke. Zu meiner aufrichtigen Genugtuung war
3780 5752 5110 5840 es mir vergönnt, mich während des kurzen Aufenthalts in
3781 5799 5108 5886 Ihrer Mitte perſönlich von der erfreulichen Entwicklung dieſes
3779 5843 5111 5934 prächtigen Landes zu überzeugen, an deſſen Aufblühen ich jederzeit
3778 5888 5107 5978 den regſten Anteil genommen habe. Ich bitte Sie, den Bewohnern
3780 5932 5106 6026 der ſchönen Landeshauptſtadt meinen herzlichſten Gruß zu entbieten,
3784 5987 5103 6070 und verſichere Sie meiner unwandelbaren Huld und Gewogenheit.
3846 6046 5102 6131 Nach dem feſtlichen Empfange im Rathauſe ſetzte der Erz⸗
3737 6091 5109 6179 herzog⸗Thronfolger mit ſeiner Gemahlin die Rundfahrt durch
3736 6143 5109 6235 die Stadt fort. Auf dem Hauptplatz feuerte ein Gymnaſiaſt
3737 6192 5109 6283 namens Gavrilo Princip aus Grahovo aus einer Browning⸗
3736 6243 5112 6334 piſtole mehrere Schüſſe auf das erzherzogliche Automobil ab. Der
3738 6295 5106 6386 Thronfolger wurde im Geſicht, die Herzogin von Hohenberg
3738 6345 5110 6439 durch einen Schuß in den Unterleib verletzt. Der Erzherzog
3737 6393 5110 6488 und die Herzogin wurden in den Konak übergeführt und ſind
3737 6488 4457 6544 dort ihren Verletzungen erlegen.
5366 371 6633 451 Sobald die Nachricht von dem Hinſcheiden des Erzherzogs
5261 422 6636 501 Franz Ferdinand und ſeiner Gemahlin in der Stadt bekannt
5264 478 6635 551 geworden war, wurden alle Fahnen auf Halbmaſt geſetzt. Die
5259 524 6630 600 Trauer in der Stadt iſt allenthalben eine außerordentliche.
5259 574 6632 656 Das Landtagspräſidium richtete ſofort an die Kabinettskanzlei
5263 628 6630 704 Seiner Majeſtät des Kaiſers ein Telegramm, in welchem dem
5261 680 6630 754 Schmerze und der Entrüſtung der geſamten Be⸗
5262 729 6628 805 völkerung über das ruchloſe Attentat Ausdruck gegeben und
5261 781 6628 850 die unerſchütterliche Treue und Ergebenheit an das
5260 833 6629 901 Herrſcherhaus verſichert wird. Nachmittags fand eine Trauer⸗
5259 883 6628 959 ſitzung des Gemeinderats ſtatt. Der Landtag trat ebenfalls
5259 932 6629 1005 Nachmittags zu einer außerordentlichen Sitzung zuſammen, in der
5259 985 6627 1052 der Präſident der Entrüſtung über die ruchloſe Tat und dem
5258 1035 6626 1107 tiefſten Schmerz über den tragiſchen Tod des Erzherzogs und
5258 1084 6627 1153 ſeiner Gemahlin Ausdruck gab und ſodann die unwandelbare
5256 1139 6627 1212 Liebe und treue Ergebenheit zu dem Kaiſer und dem Herrſcher⸗
5255 1190 6627 1262 hauſe betonte. Er ſchloß ſeine Rede mit einem dreimaligen
5258 1240 6628 1312 Hoch auf den Kaiſer, in das die Abgeordneten begeiſtert ein⸗
5255 1295 5450 1352 ſtimmten.
5352 1353 6623 1420 Der verhaftete 19 Jahre alte Attentäter Gavrilo
5259 1403 6626 1477 Princip gab bei ſeinem Verhör an, ſchon lange die Abſicht
5257 1455 6625 1527 gehabt zu haben, irgend eine hohe Perſon aus nationaliſtiſchen
5253 1509 6625 1578 Motiven zu töten. Er habe heute auf die Vorbeifahrt
5253 1558 6623 1623 des Erzherzogs auf dem Appelquai gewartet, und als
5254 1609 6623 1673 das Automobil auf der Rückkehr beim Einbiegen vom Rat⸗
5253 1660 6623 1730 haus in die Franz Joſephgaſſe die Fahrt verlang⸗
5249 1710 6626 1777 ſamen mußte, den Anſchlag ausgeführt. Einen Augenblick
5251 1764 6621 1831 habe er gezögert, da auch die Herzogin von Hohenberg ſich im
5249 1814 6624 1879 Automobil befand, dann aber raſch zwei Schüſſe abgegeben.
5251 1865 6622 1934 Er leugnet, Mitwiſſer gehabt zu haben. Auch der 21 jährige
5249 1916 6620 1979 Typograph Nedeljko Cabrinovic, deſſen Bomben⸗
5250 1967 6622 2035 anſchlag mißlungen iſt, erklärte, keinen Komplizen ge⸗
5249 2019 6618 2087 habt zu haben. Er trug beim Verhör ein ſehr zyniſches
5250 2070 6620 2131 Weſen zur Schau. Cabrinovic war nach dem Attentat
5249 2121 6616 2185 in den Miljackafluß geſprungen und ſuchte zu entweichen.
5245 2173 6617 2238 Wachleute und Perſonen aus dem Publikum ſprangen ihm
5244 2224 6618 2289 jedoch nach und nahmen ihn feſt. Wenige Schritte vom Schau⸗
5243 2276 6617 2337 platz des zweiten Attentats wurde eine unwirkſam gebliebene
5243 2327 6617 2388 Bombe aufgefunden. Sie dürfte von einem dritten Attentäter
5244 2379 6616 2443 weggeworfen worden ſein, nachdem er geſehen hatte, daß der
5244 2430 5965 2485 Anſchlag Princips gelungen war.
5336 2490 6616 2553 Der Bürgermeiſter von Serajewo hat an die Bevölke⸗
5243 2545 5980 2600 rung folgenden Aufruf gerichtet:
5510 2606 5912 2654 Mitbürger, Brüder!
5368 2659 6612 2716 Heute, nach der größten Freude und dem großen Stolze,
5282 2704 6612 2762 da uns der Thronfolger und ſeine Gemahlin mit ihrem Beſuche
5280 2751 6611 2805 beehrten, wurde eins der niedrigſten und ſchmachvollſten Ver⸗
5279 2795 6611 2853 brechen begangen, deſſen ſchlimme Folgen für unſer Serajewo,
5279 2841 6610 2896 für die ganze Stadt und für unſer ganzes Vaterland
5279 2888 6611 2945 nicht ermeſſen werden können. Wenn auch dieſes ſcheußliche
5278 2933 6610 2989 Verbrechen ſeine Wurzeln außerhalb unſeres Vaterlandes hat
5271 2979 6610 3034 — denn auf Grund des Geſtändniſſes der Attentäter ſelbſt iſt
5281 3021 6608 3081 es außer Zweifel, daß die geworfenen Bomben aus Belgrad
5280 3070 6608 3127 ſelbſt ſtammen — iſt dennoch der traurige Verdacht begründet, daß
5278 3116 6609 3173 es auch in unſerem Vaterlande und in Serajewo umſtürzleriſche
5277 3162 6608 3211 Elemente gibt. Mit dem größten Abſcheu verurteilen wir die
5275 3207 6605 3263 ſcheußliche Tat. Es wird die heilige Pflicht der Bevölkerung ſein,
5276 3253 6606 3308 die heute unſerem Serajewo angetane Schmach abzuwaſchen und
5276 3298 5796 3346 ſich von dieſer zu reinigen.
5327 3355 6611 3412 In der Stadt fanden antiſerbiſche Demonſtrationen
5235 3405 6612 3463 ſtatt, die ſtellenweiſe einen äußerſt bedrohlichen Charakter
5235 3456 6609 3516 annahmen. Die Serben bewaffneten und verbarrikadierten ſich
5231 3507 6608 3565 in ihren Lokalen. In den Wohnungen der Verhafteten wurden
5238 3559 6607 3616 vielfach Pamphlete aufreizenden irredentiſtiſchen Inhalts vor⸗
5238 3610 5852 3663 gefunden und beſchlagnahmt.
5322 3669 6603 3728 Der Kaiſer Franz Joſeph, der ſofort von dem Ableben
5235 3725 6602 3779 des Erzherzog⸗Thronfolgers und ſeiner Gemahlin ver⸗
5236 3776 6599 3832 ſtändigt worden war, zog ſich tief erſchüttert in ſeine Apparte⸗
5234 3826 6600 3884 ments zurück. Trotz der ſchweren ſeeliſchen Erſchütterung läßt
5234 3878 6599 3936 das Befinden des Kaiſers, der heute früh von Bad Iſchl nach
5236 3929 6206 3986 Wien abgereiſt iſt, nichts zu wünſchen übrig.
5322 3994 6599 4049 Aus der ganzen Monarchie treffen in der öſterreichiſchen
5233 4044 6599 4099 Hauptſtadt Depeſchen ein, die den erſchütternden Eindruck wieder⸗
5231 4092 6596 4152 geben, den die Nachricht von dem Attentat hervorgerufen hat.
5232 4148 6597 4201 An vielen Orten haben Kundgebungen ſtattgefunden, in denen
5233 4197 6597 4255 der unwandelbaren Treue zum Kaiſer und dem Kaiſerhauſe
5234 4248 5767 4305 Ausdruck gegeben wurde.
5789 4316 6029 4368 Rußland.
5319 4387 6594 4443 Die kaiſerliche Familie beſichtigte vorgeſtern an Bord
5231 4435 6593 4494 der Yacht „Alexandria“ auf der Reede von Kronſtadt das
5231 4489 6594 4547 engliſche Geſchwader und nahm auf dem Admiralsſchiff
5231 4539 6595 4598 ein Frühſtück ein, an dem auch der engliſche Botſchafter
5229 4590 5407 4645 teilnahm.
5320 4654 6591 4712 — Die Reichsduma hat in ihrer vorgeſtrigen Sitzung,
5228 4700 6591 4764 wie „W. T. B.“ meldet, 790 000 Rubel für den Bau eines
5224 4756 6591 4814 Holzhafens an der Weichſel bei Zjechozinsk an der deutſchen
5224 4802 6592 4865 Grenze bewilligt und iſt durch einen Erlaß des Kaiſers bis
5227 4862 5983 4919 zum 28. Oktober vertagt worden.
5810 4977 6005 5029 Italien.
5316 5043 6589 5095 Die vorgeſtrige Vormittagsſitzung der Deputierten⸗
5225 5088 6586 5155 kammer wurde ganz ausgefüllt von einer obſtruktioniſtiſchen
5225 5140 6584 5207 Rede gegen die Finanzmaßnahmen der Regierung. Auch in
5224 5191 6583 5258 der Nachmittagsſitzung wurden lange obſtruktioniſtiſche Reden
5220 5242 6586 5306 gegen das Finanzprogramm gehalten. Der Miniſterpräſident
5223 5289 6586 5360 Salandra wies die von mehreren Rednern erhobenen Vor⸗
5218 5342 6407 5408 würfe zurück und ſagte laut Bericht des „W. T. B.“:
5298 5395 6580 5455 Es handle ſich darum, für die dringenden Forderungen des
5222 5437 6580 5504 Budgets Rat zu ſchaffen, indem man verſuche, möglichſt die in Frage
5220 5486 6579 5551 ſtehenden Intereſſen zu berückſichtigen und vor allem eine weitere
5221 5526 6579 5594 Belaſtung der minder bemittelten Klaſſen zu vermeiden. Die Re⸗
5218 5569 6583 5637 gierung werde im November eine große Reform auf der Grundlage
5218 5613 6578 5684 einer umfaſſenden progreſſiven Steuer vornehmen. Außerdem werde
5216 5662 6581 5731 die Regierung im November ein Unfallverſicherungsgeſetz für Land⸗
5220 5707 6582 5781 arbeiter vorlegen, in dem auch eine beſſere Faſſung der Arbeitsverträge
5217 5751 6576 5825 vorgeſehen ſei. Das Geſetz bezwecke, die Lage der Landarbeiter und
5216 5796 6579 5872 der kleinen Beſitzer zu beſſern. Der Miniſterpräſident erklärte, er
5218 5839 6577 5915 ſei nicht geneigt, im Amte zu bleiben, wenn das Anſehen und die
5220 5889 6576 5962 Würde der Regierung beeinträchtigt werde. Er hoffe, daß die
5218 5934 6578 6009 Kammerammer nach eingehender Beratung zur Annahme der Vorlage komme.
5300 6000 6576 6066 Nachdem ſodann ein Redner der radikalen Gruppe ſich
5214 6041 6574 6118 gegen die Taktik der Sozialiſten ausgeſprochen hatte, die gegen
5216 6093 6577 6171 alle parlamentariſche Ordnung verſtoße, wurde eine von den
5212 6145 6576 6224 Sozialiſten eingebrachte einfache Tagesordnung mit 240 gegen
5210 6192 6577 6274 30 Stimmen abgelehnt. Darauf ſchlug Carcano folgende
5211 6244 6574 6327 Tagesordnung vor: „Die Kammer nimmt von der Er⸗
5215 6296 6573 6375 klärung der Regierung Kenntnis und geht zur Einzelberatung
5213 6346 6571 6429 über." Der Miniſterpräſident nahm dieſe Tagesordnung an.
5211 6395 6577 6479 Auf Antrag der äußerſten Linken wurde über die beiden Teile
5215 6450 6576 6532 der Tagesordnung getrennt abgeſtimmt. Der erſte Teil wurde
6704 403 8086 459 mit 200 gegen 24, der Uebergang zur Einzelberatung mit 199
6705 456 8084 516 gegen 17 Stimmen angenommen. Darauf wurde die Sitzung
6705 505 6924 557 geſchloſſen.
7280 559 7502 606 Spanien.
6803 619 8083 679 Der Miniſter der Auswärtigen Angelegenheiten hat vor⸗
6698 667 8084 730 geſtern im Senat einen Geſetzentwurf eingebracht, durch den
6697 719 8082 781 die Genehmigung des zroiſchen der ſpaniſchen Regierung und
6701 768 8081 832 der Compagnie Générale du Maroc geſchloſſenen Vertrages
6697 816 8079 882 über den Eiſenbahnbau Tanger — Fes ausgeſprochen wird.
7290 907 7476 970 Türkei.
6800 977 8077 1040 Die griechiſche Antwortnote iſt der Pforte vorgeſtern
6698 1026 8075 1091 überreicht worden. Die Note erklärt, wie „W. T. B.“ meldet,
6698 1078 8075 1142 die griechiſche Regierung habe die Mitteilungen der Pforte,
6699 1128 8074 1192 daß ſie ſich bemüht habe, die Ordnung in Thrazien und
6697 1178 8075 1236 Kleinaſien wieder herzuſtellen, und mit der Wieder⸗
6698 1230 8074 1294 einſetzung der an der kleinaſiatiſchen Küſte befindlichen
6699 1280 8073 1342 Griechen begonnen habe und ſie fortſetzen werde, mit Be⸗
6698 1330 8073 1395 friedigung zur Kenntnis genommen. Daß die Pforte die
6697 1382 8073 1446 mitgeteilten Maßnahmen getroffen habe, beweiſe, daß die
6697 1435 8072 1498 von Griechenland angeführten Tatſachen nicht übertrieben ge⸗
6696 1483 8071 1546 weſen ſeien. Die griechiſche Regierung erklärt, daß ſie den
6696 1533 8070 1598 Vorſchlag der Pforte, die Bevölkerung und deren Eigentum
6696 1587 8070 1650 auszutauſchen, annehme. Der Austauſch ſolle unter zu
6695 1637 8070 1702 vereinbarenden Modalitäten unter dem unmittelbaren Schutz
6695 1686 8069 1751 der beiden Regierungen erfolgen, nachdem die gemiſchten Kom⸗
6694 1737 8070 1802 miſſionen den Wunſch der Bevölkerung auszuwandern, feſt⸗
6699 1788 8070 1855 geſtellt und die Güter behufs Entſchädigung abgeſchätzt
6695 1838 8071 1900 hätten. Die Note zieht eine Parallele zwiſchen der Aus⸗
6693 1891 8069 1960 wanderung der Muſelmanen aus Mazedonien und der Griechen
6692 1942 8068 2000 aus der Türkei, prüft die beiderſeitigen Gründe und wieder⸗
6692 1991 8067 2057 holt die früheren Erklärungen, daß Griechenland weiteſtgehende
6691 2042 8067 2101 Fürſorge für die Bevölkerung ohne Unterſchied der Raſſen und
6691 2093 8067 2156 der Religion bewieſen habe. Die Note ſchließt mit der Ver⸗
6692 2144 8067 2209 ſicherung, daß Griechenland die Hoffnung der Pforte, kein
6690 2196 8066 2261 Ereignis werde in der Zukunft die guten Beziehungen zwiſchen
6690 2246 7543 2305 den beiden Staaten ſtören können, teile.
6785 2311 8067 2374 — Der Miniſter des Innern Talaat Bey iſt vorgeſtern
6688 2359 7403 2418 nach Konſtantinopel zurückgekehrt.
7195 2472 7536 2523 Griechenland.
6786 2530 8063 2593 In allen Schichten der Bevölkerung gibt ſich lebhafte An⸗
6686 2580 8065 2642 teilnahme für den Kaiſer Franz Joſeph und Oeſterreich⸗Ungarn
6687 2629 8066 2687 kund. Auf den König, der die Meldung von dem Attentat
6685 2682 8064 2739 in Serajewo erhielt, als er einem Wettrennen im Stadion
6685 2732 8065 2795 beiwohnte, machte die Nachricht einen niederſchmetternden Ein⸗
6684 2783 8063 2849 druck. Der Geſandte in Wien iſt beauftragt, der öſterreichiſch⸗
6682 2836 8062 2902 ungariſchen Regierung das tiefſte Beileid und den Schmerz
6683 2886 7281 2942 Griechenlands auszudrücken.
7274 2967 7494 3020 Serbien.
6782 3024 8061 3089 Die Nachricht von der Ermordung des Erzherzogs
6680 3073 8062 3138 Franz Ferdinand von Oeſterreich⸗Ungarn und ſeiner
6676 3123 8061 3188 Gemahlin rief in Belgrad große Beſtürzung hervor. Wie
6679 3175 8061 3240 „W. T. B.“ meldet, wich die gehobene Stimmung, in der
6679 3225 8060 3296 die Bevölkerung infolge der Feier des Gedenktages der Schlacht
6681 3279 8061 3342 auf dem Amſelfelde war, überall dem Entſetzen über das
6681 3329 8064 3392 Schickſal des Thronfolgers und ſeiner Gemahlin. Allgemein
6683 3380 8064 3442 wendet ſich die innigſte Teilnahme dem Kaiſer Franz Joſeph zu.
7211 3482 7523 3533 Montenegro.
6779 3538 8061 3600 Die Nachricht von dem Attentat in Serajewo ver⸗
6677 3587 8057 3650 urſachte in Cetinje große Beſtürzung. Die Mitglieder des
6676 3639 8058 3702 Hofes, der Regierung und des diplomatiſchen Korps haben der
6677 3689 8053 3754 öſterreichiſch⸗ungariſchen Geſandtſchaft ihr Beileid ausgedrückt.
7234 3789 7485 3842 Albanien.
6771 3845 8054 3910 Mit Rückſicht auf den brieflich überbrachten Wunſch der
6670 3897 8053 3959 Rebellen, nur mit den Delegierten des Fürſten und des
6672 3947 8053 4011 engliſchen Admirals in Verhandlungen zu treten, wurde am
6673 3999 8051 4065 Freitag der Kaufmann Ismail Effendi mit der Mitteilung nach
6670 4050 8049 4117 Schiak geſchickt, daß am nächſten Tage ein Delegierter des
6669 4100 8047 4165 Fürſten und des engliſchen Admirals in Schiak eintreffen würde.
6670 4154 8050 4218 Ismail Effendi kehrte gegen Mitternacht zurück und überbrachte
6663 4204 8047 4269 eine zuſtimmende Antwort der Rebellen. Infolgedeſſen begab
6665 4257 8050 4319 ſich vorgeſtern vormittag der Oberſt Philipps mit den
6667 4306 8046 4368 Dragomanen in das Rebellenlager nach Schiak, wo Ver⸗
6665 4359 8046 4421 handlungen ſtattfanden. Am Nachmittag kehrte der Oberſt
6666 4411 8039 4470 Philipps nach Durazzo zurück und erſtattete dem Fürſten und
6663 4459 8043 4524 ſodann der Kontrollkommiſſion Bericht. Wie „W. T. B.“ meldet,
6665 4513 8045 4575 haben die Aufſtändiſchen, deren ſämtliche Führer bei den
6664 4564 8043 4626 Verhandlungen anweſend waren, ihre früher der Kontroll⸗
6666 4617 8039 4680 kommiſſion abgegebenen Erklärungen wiederholt, daß ſie
6662 4667 8041 4728 über Fragen zweiten Ranges zu verhandeln wünſchten, aber
6665 4720 8039 4784 nicht über die Frage, ob der gegenwärtige Fürſt die Herrſchaft
6664 4772 8039 4834 behalten ſolle oder nicht. Sie fügten hinzu, daß ſie zwar
6663 4823 8038 4885 Durazzo aus Rückſicht auf die vielen dort anweſenden Fremden
6662 4874 8035 4936 nicht angreifen, aber auch die Waffen nicht niederlegen würden,
6661 4919 8036 4986 bis ſie ihre Abſichten durchgeſetzt hätten. Außerdem forderten
6660 4976 8035 5032 die Aufſtändiſchen eine Zuſammenſetzung der internationalen
6658 5022 8034 5081 Regierung derart, daß ihr auch Albaneſen als Mitglieder an⸗
6657 5079 6846 5131 gehörten.
6758 5130 8034 5193 Wie die „Neue Freie Preſſe“ meldet, hat der Fürſt auf
6658 5181 8034 5242 Verlangen der holländiſchen Offiziere dem in das Lager der
6654 5232 8031 5292 Rebellen entſandten Parlamentär eine Anzahl Offiziere mit⸗
6656 5285 8032 5348 gegeben. Als die Regierung davon erfuhr, brach die ſeit
6655 5335 8032 5390 mehreren Tagen bereits latente Miniſterkriſe aus. Der
6652 5386 8031 5448 Miniſterrat beſchloß die Demiſſion und überreichte ſie
6650 5437 8030 5499 vorgeſtern nachmittag dem Fürſten, der erklärte, die Demiſſion
6650 5488 8030 5551 nicht annehmen zu können. Turkhan Paſcha beharrte aber auf
6649 5540 7962 5600 dem Rücktritt. Der Fürſt behielt ſich die Entſcheidung vor.
6748 5602 8026 5665 — In der Lage in Duxazzo iſt keine Aenderung
6650 5653 8026 5716 eingetreten. Die Nacht zum Sonnabend und der Vormittag
6647 5704 8026 5764 verliefen ohne Zwiſchenfall. In der Gegend des Dorfes Juba, nord⸗
6648 5754 8026 5812 öſtlich von Durazzo, ſtiegen ſtarke Rauchwolken empor. Man ver⸗
6650 5806 8024 5868 mutet, daß das Dorf in Flammen ſteht. Wie „W. T. B.“ meldet,
6646 5857 8025 5914 iſt Prenk Bib Doda in ſtetem Vorrücken begriffen und ſteht
6644 5908 8023 5967 mit Achmed Bey Mati, der ſich in Kruja befindet, in Ver⸗
6650 5959 8023 6012 bindung, um einen gemeinſamen Vorſtoß zu vereinbaren. Der
6644 6006 8021 6071 „Agenzia Stefani“ zufolge iſt nach den letzten Nachrichten
6644 6060 8022 6121 aus Berat die dortige Lage ſehr ernſt. Der Gouverneur hat
6642 6111 8021 6167 telegraphiſch mitgeteilt, daß eine Abordnung aus der Stadt
6642 6162 8019 6217 mit den Aufſtändiſchen Unterhandlungen begonnen habe. Die
6641 6214 8019 6267 Aufſtändiſchen hätten die Abordnung aufgefordert, die Stadt
6639 6264 8018 6324 freiwillig zu übergeben. Die gleiche Aufforderung habe
6634 6313 8018 6376 Bektasci Zagrani erhalten, der Fieri mit 200 Mann beſetzt
6642 6363 8016 6418 halte. In Valona ſind vorgeſtern der öſterreichiſche Torpedo⸗
6640 6417 8016 6476 bootszerſtörer „Turul“ und der italieniſche geſchützte Kreuzer
6641 6468 7138 6522 „Agordat“ eingetroffen.
8266 429 9549 486 — Die Anwerbung Freiwilliger für Albanien in
8158 477 9549 542 Wien iſt von der Polizei unterſagt worden. Mit Bezug hierauf
8156 529 9550 591 wird der offiziöſen „Korreſpondenz Wilhelm“ von informierter
8156 574 8514 630 Seite mitgeteilt:
8250 631 9548 688 Die Anwerbung von Freiwilligen für andere als Kaiſerlich öſter⸗
8155 670 9551 731 reichiſche Kriegsdienſte ohne beſondere Bewilligung der Regierung iſt
8154 721 9549 776 nach § 92 des Strafgeſetzes verboten. Eine ſolche Bewilligung wurde
8154 766 9552 822 ſeitens der Regierung nicht erteilt, weshalb die Werbetätigkeit von
8153 811 9551 865 den Behörden verboten wurde. Selbſtverſtändlich werden die Be⸗
8152 856 9552 910 hörden auch Vorſorge treffen, daß nicht etwa die beſtehenden wehr⸗
8151 896 9549 958 geſetzlichen Vorſchriften von wehrpflichtigen Angehörigen der Monarchie
8148 947 8449 995 verletzt werden.
8256 1004 9547 1055 Abends teilte das Werbekomitee der „Korreſpondenz Wil⸗
8149 1054 9548 1113 helm“ mit, daß die für vorgeſtern angeſetzte Abreiſe des erſten
8148 1104 9550 1165 Teils der Freiwilligen durch das Werbebureau verhindert
8146 1157 8384 1209 worden ſei.
8721 1215 8950 1260 Amerika.
8250 1269 9548 1329 Zum Präſidenten der Republik Kolumbien für die
8143 1320 9546 1382 nächſte Amtsperiode iſt, wie „W. T. B.“ meldet, Dr. Concha
8145 1372 8496 1423 gewählt worden.
8748 1431 8918 1485 Aſien.
8248 1484 9557 1546 In Peking eingelaufenen Nachrichten zufolge iſt die kürz⸗
8143 1534 9546 1596 liche Plünderung in Kalgan weniger bedeutend als die
8141 1585 9540 1647 früheren ähnlichen Erhebungen in China. Die Meuterei kam
8142 1636 9539 1705 durch einen Streit zwiſchen Soldaten und Polizei zum Aus⸗
8141 1687 9539 1750 bruch. Viele Plünderer wurden hingerichtet, die übrigen haben
8140 1738 9540 1802 ſich zerſtreut. Vierzig Mann, meiſt Soldaten, wurden getötet.
8247 1803 9535 1864 — Das japaniſche Oberhaus hat nach einer Meldung
8140 1851 9535 1915 des „W. T. B.“ geſtern das Marinebudget angenommen.
8462 2053 9212 2111 Statiſtik und Volkswirtſchaft.
8553 2127 9122 2179 Zur Arbeiterbewegung.
8234 2181 9537 2237 In Koblenz ſind die Tiſchler und Schreiner in einen
8139 2225 9544 2289 Ausſtand getreten, nachdem Lohnforderungen von den Arbeitgebern
8139 2271 9537 2330 abgelehnt worden waren. — In Cöln iſt durch Vermittlung des
8139 2316 9536 2379 Gewerbegerichts als Einigungsamt ein im Fenſterputzgewerbe
8137 2362 9538 2420 drohender Lohnkampf abgewendet und ein neuer Tarifvertrag auf
8138 2408 9534 2463 zwei Jahre abgeſchloſſen worden. Vom 1. Juli 1915 ab erhalten
8138 2452 9538 2517 die Fenſterputzer, die über zwei Jahre im Reinigungsbetriebe tätig
8137 2497 8818 2551 ſind, einen Tagelohn von 4,60 ℳ.
8542 2614 9112 2677 Handel und Gewerbe.
8240 2690 9529 2754 In der heutigen Sitzung des Zentralausſchuſſes
8136 2739 9530 2803 der Reichsbank beſprach der Vorſitzende, Präſident des
8134 2789 9531 2854 Reichsbankdirektoriums Havenſtein, die vorliegende Wochen⸗
8134 2841 9533 2906 überſicht und führte unter allſeitiger Zuſtimmung aus, daß zu
8133 2893 9529 2958 einer Aenderung des Diskontſatzes zurzeit keine Veranlaſſung
8133 2945 9531 3010 vorliege. Demnächſt genehmigte der Zentralausſchuß die Zu⸗
8134 2995 9530 3058 laſſung einiger Stadtanleihen zur Beleihung im Lombard⸗
8132 3046 8643 3102 verkehr der Reichsbank.
8126 3160 9534 3230 (Weitere Nachrichten über „Handel u. Gewerbe“ ſ. i. d. Erſten Beilage.)
8525 3284 9133 3359 Kunſt und Wiſſenſchaft.
8229 3360 9530 3426 Man vergißt alle l'art pour l'art Theorien und alle Kunſtgeſetze
8136 3403 9529 3462 über gute Malerei ſind einem gleichgültig, wenn man vor die Bilder
8136 3449 9530 3513 von Edmund Steppes tritt. Dieſer Thoma⸗Nachfolger zeigt im
8134 3492 9526 3559 Salon Schulte eine Reihe ſeiner Landſchaften, die urdeutſch emp⸗
8131 3538 9529 3606 funden und geſtaltet ſind und er zieht den Beſchauer unwiderſtehlich
8131 3583 9522 3651 in ſeinen Bann. Manche ſeiner Gemälde wirken dünn und gebrechlich,
8129 3629 9526 3695 kraftlos und verſchwommen — aber ſelbſt aus dieſen ſchwächeren
8127 3674 9520 3740 Leiſtungen tönt eine zarte, verſonnene Melodie, wie ſie ſo rein, ſo
8127 3720 9521 3781 klar und tief empfunden nur ein echter Künſtler erſinnen kann. Er
8126 3766 9517 3826 liebt die zarten Sommerwolken, die duftig und leuchtend am blauen
8122 3807 9523 3875 Himmel ſtehen, blühende Frühlingswieſen, die mit gelben
8121 3856 9519 3920 Blumen überſät ſind, und er ſchildert leichte Nebelſchleier, die
8122 3903 9517 3966 glänzend und ſchimmernd auf⸗ und abwogen. Eins dieſer Ge⸗
8121 3948 9516 4013 mälde — „Morgennebel am Staffelſee“ —, das mit leichter,
8121 3993 9519 4057 behutſamer Hand gemalt iſt, iſt in der Darſtellung verhüllter
8120 4041 9516 4101 zarter Dinge ganz unübertrefflich. In manchen ſeiner heiteren
8119 4084 9515 4147 Landſchaften erſcheint Steppes Rudolf Sieck verwandt. Aber während
8116 4130 9515 4195 ſich dieſer feine Künſtler mit der genauen, eindringlichen Wiedergabe
8117 4176 9516 4234 der Dinge begnügt, weiß Steppes darüber hinaus die Welt der Bäume
8112 4222 9512 4285 und Pflanzen mit Poeſie zu erfüllen und zu beleben. Seine Zeich⸗
8115 4268 9512 4329 nung iſt oft unſicher, ſeine Farbengebung ſtellenweiſe giftig und bunt.
8115 4312 9515 4376 Gelingt es ihm, ſein Farbenempfinden zu veredeln und ſeine
8112 4357 9509 4422 Hand zu größerer Straffheit und Sicherheit zu erziehen,
8112 4405 9515 4469 dann darf er zu den wenigen guten neueren Malern ge⸗
8112 4449 9520 4513 zählt werden, in denen das Empfinden und die Kunſt⸗
8112 4495 9514 4557 anſchauung der alten deutſchen Meiſter noch lebendig nachwirkt. —
8111 4540 9510 4603 In der wirkſamen, kecken Art der Münchener Maler aus dem Kreiſe
8111 4586 9506 4650 der „Scholle“ malt Edward Cucuel friſche Bilder in ſtark auf⸗
8110 4631 9512 4694 gehellten Tönen. Er ſtellt Frauen in eine bunte Landſchaft und
8110 4677 9512 4738 verſteht es, aus der Zuſammenwirkung ihres Koſtüms und des
8110 4722 9510 4781 Baumlaubes und aus den Lichteffekten im Blätterwerke der Bäume
8109 4768 9507 4832 allerlei maleriſche Reize herauszuholen. Bisweilen geht er allzu
8108 4813 9505 4877 forſch aufs Ziel los und wird dann in der Ausführung ziemlich derb.
8105 4858 9513 4924 — Von Robert F. Curry iſt die ſchöne Winterlandſchaft „März⸗
8108 4905 9511 4967 ſchnee“ beachtenswert, deren Birkenſtämme und deren Schneedecke von
8107 4952 9515 5012 den matten Strahlen der tiefſtehenden Sonne beſchienen werden. —
8107 4996 9508 5058 Fünf Frauenköpfe Franz von Stucks ſind unerträglich manieriert
8106 5042 9507 5105 und offenbaren beſonders deutlich den Verfall dieſes von Haus aus
8105 5087 8526 5135 hochbegabten Malers.
8620 5176 8984 5235 Verdingungen.
8108 5224 9513 5294 (Die näheren Angaben über Verdingungen, die beim „Reichs⸗ und
8105 5270 9509 5342 Staatsanzeiger“ ausliegen, können in den Wochentagen in deſſen
8107 5321 9513 5394 Expedition während der Dienſtſtunden von 9 — 3 Uhr eingeſehen werden.)
8548 5392 9050 5446 Britiſch⸗Südafrika.
8196 5446 9505 5510 Die Verwaltung der ſüdafrikaniſchen Staatsbahnen beabſichtigt
8101 5491 9503 5555 die Ausſchreibung der Lieferung von 3 Perſonenwagen erſter Klaſſe,
8099 5537 9500 5597 1 Perſonenwagen zweiter Klaſſe, 1 Wagen mit Abteilen für erſte und
8100 5583 9496 5641 zweite Klaſſe und für Güter, 1 Wagen mit Abteilen für zweite und
8098 5624 9041 5682 dritte Klaſſe, 20 Perſonenwagen dritter Klaſſe.
8194 5674 9491 5734 Die Laſtenhefte ſowie weitere Einzelheiten werden bei dem High
8099 5717 9491 5771 Commiſſioner in London zu haben ſein, die Einreichung der An⸗
8097 5763 9489 5818 gebote kann in Johannesburg und in London ſtattfinden. Das
8096 5809 9495 5866 Datum der Ausſchreibung und der Friſt für die Einreichung der An⸗
8096 5854 8628 5908 gebote ſteht noch nicht feſt.
8597 5956 8987 6013 Verkehrsweſen.
8184 6033 9481 6086 Infolge einer Verkehrsunterbrechung auf der trans⸗
8090 6076 9485 6131 andiniſchen Eiſenbahn iſt die Abſendung deutſcher Briefpoſten
8090 6123 9485 6177 nach Chile über Buenos Aires und die Anden bis auf weiteres nicht
8089 6168 9483 6220 möglich. Die Sendungen werden für die Dauer dieſer Störung mit
8089 6209 9480 6264 der beſten Gelegenheit entweder über New York — Panama oder durch die
8089 6258 9476 6313 Magellanſtraße befördert werden. Nach einer Mitteilung der Poſt⸗
8087 6303 9477 6356 verwaltung von Argentinien haben die zur Beförderung über die Anden
8087 6345 9477 6400 beſtimmt geweſenen Brieſpoſten für Chile bereits ſeit dem 30. Mai
8085 6392 9475 6452 von Buenos Aires ab auf dem Seewege weitergeleitet werden müſſen.
