9992 7080
6179 401 8692 670 Deutſcher Reichsanzeiger
7349 717 7511 796 und
5523 880 9330 1193 Königlich Preußiſcher Staatsanzeiger.
5276 1633 6040 1732 Sonderausgabe.
6622 1647 8207 1768 Berlin, Donnerstag, den 6. Auguſt, Nachmittags.
9256 1679 9596 1778 1914.
6049 2608 8819 2749 An das deutſche Heer und die deutſche Marine.
5540 2916 8664 3029 Nach dreiundvierzigjähriger Friedenszeit rufe Ich die deutſche wehrfähige Mannſchaft zu den Waffen.
5536 3046 8761 3158 Unſere heiligſten Güter, das Vaterland, den eigenen Herd gilt es gegen ruchloſen Ueberfall zu ſchützen!
5531 3172 8898 3279 Feinde ringsum! Das iſt das Kennzeichen der Lage. Ein ſchwerer Kampf, große Opfer ſtehen uns bevor.
5530 3297 9588 3420 Ich vertraue, daß der alte kriegeriſche Geiſt noch in dem deutſchen Volke lebt, jener gewaltige kriegeriſche Geiſt, der den Feind,
5220 3415 9122 3534 wo er ihn findet, angreift, koſte es, was es wolle, der von jeher die Furcht und der Schrecken unſerer Feinde geweſen iſt.
5528 3542 9598 3672 Ich vertraue auf Euch, Ihr deutſchen Soldaten! In jedem von Euch lebt der heiße, durch nichts zu bezwingende Wille zum
5247 3669 7639 3767 Siege. Jeder von Euch weiß, wenn es ſein muß, wie ein Held zu ſterben.
5526 3796 7130 3886 Gedenkt unſerer großen ruhmreichen Vergangenheit!
5522 3924 6532 4006 Gedenkt, daß Ihr Deutſche ſeid!
5522 4050 6006 4126 Gott helfe uns!
5659 4266 6915 4351 Berlin, Schloß, den 6. Auguſt 1914.
7890 4637 8583 4756 Wilhelm.
6253 6422 8466 6482 Verantwortlicher Redakteur: J. V.: Weber in Berlin. Verlag der Expedition (J. V.: Koye) in Berlin.
6380 6490 8346 6551 Druck der Norddeutſchen Buchdruckerei und Verlags⸗Anſtalt, Berlin SW., Wilhelmſtraße Nr. 32.
