9960 7096
5970 406 8494 655 Deutſcher Reichsanzeiger
7166 750 7298 826 und
5176 912 9151 1229 Königlich Preußiſcher Staatsanzeiger.
4940 1686 5863 1795 Sonderausgabe.
6557 1650 7978 1753 Berlin, Sonntag, den 2. Auguſt, Morgens.
9071 1599 9398 1694 1914.
5514 2155 6006 2229 Verordnung,
5035 2253 6410 2327 betreffend die Berufung des Reichstags.
5427 2349 6082 2403 Vom 2. Auguſt 1914.
5066 2422 6501 2494 Wir Wilhelm, von Gottes Gnaden Deutſcher
5174 2508 6102 2571 Kaiſer, König von Preußen ꝛc.
4952 2567 6505 2647 verordnen auf Grund des Artikels 12 der Verfaſſung
4950 2659 5981 2716 im Namen des Reichs, was folgt:
5171 2721 6509 2790 Der Reichstag wird berufen, am 4. Auguſt 1914
5110 2796 6510 2872 in Berlin zuſammenzutreten. Wir beauftragen den
5107 2870 6511 2944 Reichskanzler mit den zu dieſem Zwecke nötigen
5113 2965 5571 3014 Vorbereitungen.
5077 3013 6515 3090 Urkundlich unter Unſerer Höchſteignen Unterſchrift
4952 3098 6124 3167 und beigedrucktem Kaiſerlichen Inſiegel.
5077 3173 6462 3253 Gegeben Berlin im Schloß, den 2. Auguſt 1914.
5179 3281 6374 3361 (L.S.) Wilhelm I. R.
5830 3354 6458 3416 von Bethmann Hollweg.
5454 3695 6109 3763 Bekanntmachung,
4965 3785 6533 3869 betreffend die ſofortige Einzahlung geſtundeter Zölle
5509 3876 6065 3927 und Reichsſteuern.
5103 3943 6537 4027 Auf Grund der mir für den Fall einer Kriegsgefahr bei⸗
4972 4033 5843 4105 gelegten Befugnis beſtimme ich:
5103 4090 6541 4170 1. Die zurzeit geſtundeten und die nach den geſetzlichen
4975 4164 6543 4251 Vorſchriften noch zu ſtundenden Beträge an Zöllen und Reichs⸗
4978 4240 6543 4327 ſteuern mit Ausnahme der Erbſchaftsſteuer ſind bei der zu⸗
4981 4310 6546 4401 ſtändigen Zoll⸗ oder Steuerſtelle gegen Gewährung eines Abzugs
4981 4382 6547 4470 von 6 ¼ vom Hundert für ein Jahr ſogleich bar einzuzahlen,
4989 4460 6549 4552 ſofern der Stundungsnehmer es nicht vorzieht, in Höhe der
5000 4533 6454 4624 geſtundeten Beträge Wechſel zu zeichnen und zu übergeben.
5124 4609 6553 4693 Dieſe Beſtimmung findet keine Anwendung, wenn die zu
5004 4684 6555 4768 einem Zeitpunkt fällig werdenden geſtundeten Beträge zuſammen
5012 4756 6556 4840 die Summe von 300 Mark nicht erreichen. Doch ſteht es den
5004 4832 6559 4914 Stundungsnehmern in dieſem Falle frei, die Beträge gegen
6565 2130 7950 2211 Gewährung des in Abſatz feſtgeſetzten Abzugs ſofort bar ein⸗
6566 2233 6751 2288 zuzahlen.
6671 2274 7953 2351 2. Die Anrechnung noch nicht fälliger Branntweinſteuer⸗
6569 2352 7956 2436 vergütungsſcheine, Branntweinſteuergutſcheine und Zuckerſteuer⸗
6571 2426 7956 2508 vergütungen auf geſtundete Abgaben iſt bis auf weiteres aus⸗
6574 2522 6803 2585 geſchloſſen.
6681 2601 7304 2661 Berlin, den 1. Auguſt 1914.
7073 2691 7471 2746 Der Reichskanzler.
7020 2764 7522 2825 In Vertretung: Kühn.
6995 2996 7554 3069 Bekanntmachung.
6697 3080 7972 3161 1) Seine Majeſtät der Kaiſer und König
6595 3162 7658 3238 haben die Mobilmachung befohlen.
6693 3227 7972 3311 Der 2. Auguſt 1914 gilt als erſter Mobil⸗
6596 3323 6997 3385 machungstag.
6700 3376 7983 3457 Der 3. Auguſt 1914 gil als zweiter Mobil⸗
6597 3473 7011 3532 machungstag.
6699 3523 7980 3603 Der 4. Auguſt 1914 gil ls dritter Mobil⸗
6596 3619 7008 3679 machungstag.
6701 3674 7981 3746 Der 5. Auguſt 1914 gil als vierter Mobil⸗
6606 3769 7010 3825 machungstag.
6710 3818 7981 3894 Der 6. Auguſt 1914 gilt als fünfter Mobil⸗
6613 3922 7008 3974 machungstag
6719 3991 7123 4047 und ſo weiter fort.
6720 4040 7993 4118 Alle Offiziere, Sanitätsoffiziere, Beamte, Unteroffiziere
6617 4118 7990 4192 und Mannſchaften des Beurlaubtenſtandes einſchließlich Erſatz⸗
6619 4192 7990 4271 reſerve haben ihre häuslichen Angelegenheiten zu ordnen und
6616 4265 7987 4346 ihrer Kriegsbeorderung, ohne anderweitigen Befehl abzu⸗
6620 4360 7157 4416 warten, Folge zu leiſten.
6726 4425 7998 4502 2) Die etwa außer Kontrolle ſtehenden Mannſchaften,
6625 4495 8000 4579 ſowie diejenigen, welche von auswärtigen Bezirkskommandos,
6625 4572 8000 4647 vom Truppenteil oder anderen Kommandobehörden kommend,
6629 4643 8003 4726 ſich bisher noch nicht beim Bezirksfeldwebel angemeldet haben,
6633 4724 8005 4799 haben ſich ſofort bei ihrem zuſtändigen Bezirkskommando unter
6628 4803 7733 4873 Vorlage ihrer Militärpapiere zu melden, und zwar
8118 2079 9409 2161 mündlich: bei der zu dieſem Zwecke beſonders ein⸗
8024 2172 8548 2237 gerichteten Anmeldeſtelle
8235 2233 9102 2304 in Schöneberg, Kolonnenſtraße Nr. 23,
8128 2302 9404 2383 ſchriftlich: z. B. „An die Anmeldeſtelle des Bezirks⸗
8032 2390 8515 2453 kommandos I. Berlin
8239 2454 9112 2530 in Schöneberg, Kolonnenſtraße Nr. 23“.
8133 2521 9413 2594 Wer dies unterläßt, wird nach den Kriegsgeſetzen ſtreng
8035 2622 8202 2678 beſtraft.
8140 2668 9418 2750 3) Mannſchaften, denen im Frieden eine Paßnotiz behän⸗
8041 2744 9420 2824 digt iſt, haben einen beſonderen Befehl zu erwarten. Jede
8043 2819 9420 2899 Wohnungsveränderung dieſer Mannſchaften iſt binnen
8044 2891 9423 2963 48 Stunden dem zuſtändigen Bezirksfeldwebel zu melden. Wer
8045 2964 9422 3046 dieſe Meldung unterläßt, wird nach den Kriegsgeſetzen beſtraft.
8149 3033 9425 3118 4) Inaktive Offiziere, Sanitätsoffiziere und obere Mili⸗
8043 3106 9429 3189 tärbeamte, ſowie Zivilärzte, welche ſich noch nicht zur Ver⸗
8050 3184 9428 3264 wendung bereit erklärt haben, ſowie die nicht mehr dem Be⸗
8055 3258 9439 3337 urlaubtenſtande angehörigen Büchſenmacher und Unteroffiziere,
8055 3330 9434 3412 welche für die Dauer des mobilen Zuſtandes freiwillig wieder
8058 3404 9436 3484 in den Dienſt treten wollen, werden aufgefordert, ſich bis zum
8055 3474 9437 3556 5. Mobilmachungstage unter Mitbringung ihrer Perſonal⸗
8058 3555 9436 3630 papiere bei dem zuſtändigen Bezirkskommando in den neuen
8060 3625 9437 3703 Dienſtgebäuden auf dem Tempelhofer Felde, General Pape⸗
8063 3723 8454 3778 ſtraße, zu melden.
8165 3771 9440 3847 5) Die Einberufenen haben ſich an ihren Geſtellungsort zu
8061 3842 9441 3921 begeben, ohne irgend welche Gebührniſſe vorher zu empfangen.
8063 3911 9472 3994 Dieſelben ſind zur freien Eiſenbahnfahrt ohne Löſung einer
8066 3990 9443 4068 Fahrkarte und ohne vorherige Anfrage an dem Schalter be⸗
8068 4063 9448 4141 rechtigt, lediglich auf Grund der Vorzeigung der Kriegsbeorde⸗
8069 4136 9446 4212 rung oder anderer Militärpapiere oder auf Grund der münd⸗
8068 4211 9448 4286 lichen Erklärung dem Bahnſteig⸗ oder Zugbeamten gegenüber.
8069 4285 9449 4358 Kriegsfreiwillige haben eine Beſcheinigung der Polizeibehörde
8072 4361 9054 4434 über Zweck und Ziel der Reiſe vorzuzeigen.
8177 4431 9454 4506 Die Zahlung der zuſtehenden Gebührniſſe erfolgt nach⸗
8078 4520 8658 4579 träglich beim Truppenteil.
8182 4600 8910 4659 Berlin, den 1. Auguſt 1914.
8080 4682 9462 4759 Königliche Bezirkskommandos I., II., III., IV., V. u. VI.
8688 4768 8845 4816 Berlin.
8660 6129 9339 6196 Fahrpläne ſiehe umſtehend.
