10088 7032
690 359 1481 408 In der Generalverſammlung vom 25. Mai
646 407 1482 455 1916 iſt das Statut geändert, unter
646 454 1482 501 anderem § 9 dahin, daß der Vorſtand aus
647 498 1482 546 3 Mitgliedern beſteht, dem Vorſteher,
647 545 1484 592 Stellvertreter und einem Beiſitzer, die auf
648 587 1482 637 drei Jahre gewählt werden und von denen
647 635 1297 683 jährlich ein Mitglied ausſcheidet.
697 681 1483 728 Als Vorſtand ſind gewählt: 1) Peter
649 727 1483 774 Merl, 2) Jakob Holſinger, 3) Theodor
649 772 1288 819 Kloſtermann, alle drei in Sayn.
696 818 1308 862 Neuwied, den 10. Jult 1916.
833 864 1307 910 Königliches Amtsgericht.
1336 945 1482 991 [23903]
651 945 1000 988 Oels, Schles.
697 989 1484 1039 Ins Genoſſenſchaftsregiſter der Spar
649 1036 1479 1085 und Darlehnskaſſe e. G. m. u. H.
649 1082 1484 1129 in Stronn iſt heute eingetragen: Der
649 1127 1482 1174 Freiſtellenbeſitzer Karl Geike iſt verſtorben
648 1173 1483 1217 und an ſeine Stelle der Brennereiverwalter
648 1219 1481 1264 Reinhold Heinze in Stronn in den Vor⸗
648 1266 925 1312 ſtand gewählt.
680 1310 1442 1357 Amtgericht Oels, den 10. Juli 1916.
1332 1392 1488 1444 [23904]
647 1390 1112 1432 Offenbach, Main.
864 1437 1262 1483 Bekanntmachung.
690 1481 1483 1530 In das Genoſſenſchaftsregiſter des unter⸗
646 1527 1478 1577 zeichneten Gerichts für die Genoſſenſchaft
645 1573 1476 1623 Spar und Darlehnskaſſe II. Heuſen⸗
644 1621 1477 1668 ſtamm e. G. m. u. H. wurde heute
640 1664 1076 1713 folgendes eingetragen:
685 1711 1474 1758 Durch Beſchluß vom 30. Mai 15 iſt in
643 1758 1472 1804 Abänderung des § 36 des Statuts be⸗
643 1804 1472 1850 ſtimmt worden, daß alle Bekanntmachnugen
645 1849 1473 1896 der Genoſſenſchaft fortan in der Zeitſchrift
643 1894 1383 1943 „Das Heſſenland“ zu erfolgen haben.
688 1941 1469 1987 Offenbach a. M., den 6. Juli 1916.
814 1987 1299 2034 Großherzgl. Amtsgericht.
1326 2068 1474 2114 [23905]
643 2069 1220 2110 Oldenburg, Holstein.
699 2113 1470 2165 Genoſſenſchaftsregiſtereintragung vom
640 2160 1469 2206 29. Juni 1916, betr. die Spar⸗ und
641 2206 1467 2252 Darlehnskaſſe e. G. m. u. H. in
641 2252 1469 2298 Wangels: Die Vertretungsbefugnis der
639 2297 1141 2343 Liquidatoren iſt erloſchen.
824 2343 1283 2389 Königliches Amtsgericht
833 2390 1274 2435 Oldenburg i. Holſt.
1320 2464 1469 2518 [23906]
639 2470 899 2510 Rietberg.
687 2514 1466 2562 In das Genoſſenſchaftsregiſter iſt bei
638 2562 1462 2607 der Bäuerlichen Bezugs⸗ und Ab⸗
636 2607 1462 2655 ſatzgenoſſenſchaft Kaunitz, eingetra⸗
639 2653 1464 2699 gene Genoſſenſchaft mit beſchränkter
636 2699 1464 2746 Haftpflicht zu Kaunitz, heute folgendes
636 2745 1028 2790 eingetragen worden:
681 2790 1464 2836 Das Vorſtandsmitglied Otto Maasjoſt
636 2836 1462 2882 genannt Lauſtroer iſt ausgeſchieden. Das
634 2882 1461 2929 Vorſtandsmitglied Johann Maasjoſt ge⸗
634 2928 1463 2975 nannt Höweltewes iſt geſtorben. An
632 2973 1460 3019 Stelle derſelben ſind der Vorſteher Blom⸗
632 3019 1461 3065 berg zu Liemke Nr. 2 und der Hermann
631 3065 1461 3111 Heinrichſteinlage genannt Grabenſtroer zu
630 3110 1460 3160 Oeſterwiehs 67 zu Vorſtandsmitgliedern
629 3156 769 3197 beſtellt.
676 3203 1268 3249 Rietberg, den 7. Juli 1916.
805 3249 1276 3297 Königliches Amtsgericht.
1312 3332 1457 3377 [23910]
630 3330 912 3367 Stralsund.
672 3376 1458 3423 In unſer Genoſſenſchaftsregiſter iſt
627 3421 1457 3469 heute bei Nr. 6 — Hypotheken⸗Verein,
620 3463 1461 3519 Eingetragene Genoſſenſchaft mit un⸗
625 3513 1456 3561 beſchränkter Haftpflicht zu Stral⸗
625 3559 1456 3604 ſund — die Beendigung der Stell⸗
626 3604 1455 3652 vertretung des Redakteurs Wilhelm Krüger
624 3650 1453 3696 und der Eintritt des früheren Bureau⸗
623 3695 1451 3744 vorſtehers Max Schult zu Stralſund in
623 3742 1130 3788 den Vorſtand eingetragen.
668 3788 1314 3832 Stralſund, den 30. Juni 1916.
800 3834 1275 3880 Königliches Amtsgericht.
1298 3917 1448 3959 [23908]
619 3915 997 3954 Tecklenburg.
665 3959 1450 4007 In unſer Genoſſenſchaftsregiſter iſt heute
618 4004 1447 4052 bei der unter Nr. 7 eingetragenen Ge⸗
619 4050 1448 4099 noſſenſchaft Bäuerliche Bezugs⸗ und
617 4097 1445 4144 Abſatz⸗Genoſſenſchaft e. G. m. b. H.
616 4143 1402 4189 zu Höſte folgendes eingetragen worden:
662 4188 1445 4237 An Stelle des Kolon Wilhelm Laig⸗
616 4233 1444 4278 hörſtebrock zu Weſterbeck iſt der Kolon
616 4278 1443 4327 Friedrich Laſghörſtebrock als Vorſtands⸗
614 4326 1112 4371 mitglied gewählt worden.
648 4369 1321 4416 Tecklenburg, den 5. Juli 1916.
797 4417 1271 4465 Königliches Amtsgericht.
1297 4490 1455 4535 23914]
612 4481 784 4528 Trier.
656 4531 1442 4580 In das Genoſſenſchaftsregiſter iſt heute
613 4577 1442 4626 unter Nr. 19 bei der Firma „Trieriſcher
612 4623 1447 4672 Genoſſenſchaftsverband, e. G. m. b. H.“
617 4669 1441 4717 in Trier eingetragen worden, daß durch
610 4714 1438 4761 Beſchluß der Generalverſammlung vom
609 4761 1438 4807 30. Juni 1916 der § 32 der Statuten
610 4806 1049 4849 abgeändert worden iſt.
652 4852 1202 4896 Trier, den 10. Juli 1916.
696 4897 1337 4944 Königliches Amtsgericht. Abt. 7.
1286 4977 1442 5027 [23438]
606 4978 997 5020 Verden, Aller.
652 5024 1436 5073 Zu der Viehverwertungsgenoſſen⸗
605 5069 1438 5116 ſchaft, e. G. m. b. H., in Verden iſt
604 5114 1438 5163 in das Genoſſenſchaftsregiſter heute ein⸗
604 5162 1435 5212 getragen, daß an Stelle des Hofbeſitzers
602 5206 1433 5260 Hetnrich Wilking in Ahnebergen der Hof⸗
603 5251 1435 5299 beſitzer Heinrich Claſen in Stedorf
602 5296 1433 5346 Hs. Nr. 12 in den Vorſtand eingetreten iſt.
649 5344 1232 5388 Verden, den 11. Juli 1916.
739 5389 1278 5437 Königliches Amtsgericht. I.
1281 5474 1432 5520 [23915]
601 5469 1013 5506 Wächtersbach.
646 5515 1433 5564 In das Genoſſenſchaftsregiſter iſt zu
600 5559 1430 5609 Nr. 3 Hellſteiner Darlehnskaſſen⸗
598 5607 1432 5656 verein, e. G. m. u. H. zu Hellſtein
601 5653 996 5697 eingetragen worden:
645 5697 1431 5746 An Stelle des Malers Heinrich Kißner
598 5742 1431 5792 in Schlterbach iſt der Landwirt Heinrich
597 5788 1429 5838 Horſt in Schlierbach in den Vorſtand ge⸗
597 5833 874 5876 wählt worden.
643 5880 1371 5926 Wächtersbach, den 11. Juli 1916.
782 5928 1257 5974 Königliches Amtsgericht.
1282 5997 1428 6045 [23912]
600 5997 999 6038 Winsen, Luhe.
643 6039 1430 6093 In das hieſige Genoſſenſchaftsregiſter
598 6087 1429 6132 iſt zu Nr. 14 (Krankenpflegeverein
598 6128 1429 6178 e. G. m. b. H. zu Salzhauſen) heute
597 6179 1427 6224 eingetragen: An Stelle des ausgeſchiedenen
598 6225 1426 6266 Vorſtandsmitgliedes Cordes iſt der Voll⸗
597 6269 1427 6315 höfner Fritz Thiede in Eyendorf in den
596 6315 1428 6360 Vorſtand gewählt. Das ausgeſchiedene
596 6355 1428 6408 Vorſtandsmitglied Gutsbeſitzer Heinrich
595 6403 1354 6450 Jagau in Garlſtorf iſt wiedergewählt.
641 6450 1360 6497 Winſen a. L., den 11. Juli 1916.
776 6492 1253 6549 Königliches Amtsgericht.
2203 359 2357 409 [23916]
1520 358 2042 403 Wöllstein, Hessen.
1567 406 2355 456 In das Genoſſenſchaftsregiſter unter⸗
1521 453 2357 498 zeichneten Gerichts wurde heute bei der
1521 498 2354 547 Genoſſenſchaft Spar⸗ und Darlehens⸗
1520 543 2356 592 kaſſe e. G. m. u. H. zu Wöllſtein
1521 590 1957 636 folgendes eingetragen:
1564 634 2354 684 Laut Beſchluß der Generalverſammlung
1521 681 2354 726 vom 2. Juli 1916 wurde an Stelle des
1522 725 2353 774 ausgeſchiedenen Vorſtandsmitglieds Wil⸗
1524 770 2353 816 helm Weinmann in Wöllſtein Georg
1523 816 2353 864 Adam Müller in Wöllſtein als Vorſtands⸗
1522 866 1865 911 mitglied gewählt.
1570 910 2193 957 Wöllſtein, den 12. Juli 1916.
1662 956 2186 1003 Großh. Heſſ. Amtsgericht.
2207 1022 2352 1071 [23913]
1526 1020 1831 1068 Wörrstadt.
1569 1069 2352 1119 „Spar⸗ & Darlehnskaſſe e. G. m.
1524 1113 2354 1164 u. H. zu Vendersheim.“ In der Ge⸗
1524 1159 2353 1207 neralverſammlung vom 24. Oktober 1915
1524 1206 2353 1254 wurde § 36 der Statuten dahin geändert,
1524 1251 2350 1300 daß die von der Genoſſenſchaft ausgehenden
1523 1297 2351 1343 öffentlichen Bekanntmachungen nunmehr in
1524 1343 2351 1389 der Genoſſenſchaftspreſſe „Heſſenland“ auf⸗
1522 1388 2351 1435 zunehmen ſind. Eintrag im Genoſſenſchafts⸗
1521 1435 2005 1483 regiſter iſt heute erfolgt.
1566 1480 2211 1526 Wörrſtadt, den 12. Juli 1916.
1734 1526 2136 1572 Großh. Amtsgericht.
2202 1596 2350 1643 [23917]
1517 1596 1727 1632 Xanten.
1562 1639 2362 1686 In das Genoſſenſchaftsregiſter iſt heute
1515 1687 2347 1732 bei dem unter Nr. 20 eingetragenen Sons⸗
1514 1733 2348 1778 beck⸗Labbecker Darlehnskaſſenverein,
1514 1775 2352 1829 eingetragene Genoſſenſchaft mit un⸗
1513 1824 2349 1870 beſchränkter Haftpflicht in Sonsbeck
1512 1870 2348 1916 folgendes eingetragen worden: An Stelle
1512 1915 2348 1961 des ausgeſchiedenen Johann Holland iſt
1512 1961 2345 2010 der Kaufmann und Wirt Joſef Oetzels in
1513 2007 2217 2052 Sonsbeck in den Vorſtand gewählt.
1559 2053 2136 2098 Xanten, den 26. Mai 1916.
1806 2099 2045 2145 Amtsgericht.
1683 2211 2164 2306 Muſterregiſter.
1512 2318 2342 2366 (Die ausländiſchen Muſter werden
1623 2366 2219 2412 unter Leipzig veröffentlicht.)
1506 2419 1740 2463 Amberg.
2191 2415 2344 2466 [23927]
1553 2467 2319 2514 In das Muſterregiſter iſt eingetragen:
1553 2513 2341 2561 Firma Guſtav Jünemann in Furth
1507 2558 2341 2609 i. Wald, 1 Muſter für Stickerei, offen,
1508 2600 2340 2652 Flächenerzeugniſſe, Fabriknummer 4204,
1507 2650 2340 2697 Schutzfriſt 3 Jahre, angemeldet am
1503 2695 2226 2744 16. Juni 1916, Nachmittags 3 Uhr.
1551 2743 2144 2787 Amberg, den 13. Juli 1916.
1583 2789 2262 2836 K. Amtsgericht — Regtſtergericht.
2185 2851 2345 2908 [23812]
1503 2856 1675 2903 Bonn.
1550 2903 2336 2950 In das Muſterregiſter ſind eingetragen:
1501 2948 2336 2994 Nr. 785, 786 und 787. Firma F.
1502 2993 2335 3043 Soennecken, Bonn, je ein Ueberzug für
1503 3041 2335 3088 Schreibfederſchachteln, offen, Flächen⸗
1501 3086 2336 3133 erzeugniſſe, Fabriknummern 77, 78 und 79,
1500 3130 2336 3180 Schutzfriſt 3 Jahre, angemeldet am 12. Juni
1502 3180 2034 3223 1916, Vormittags 10 Uhr.
1548 3222 2103 3270 Bonn, den 16. Juni 1916.
1533 3270 2304 3318 Königliches Amtsgericht. Abteilung 9.
2189 3342 2340 3389 [23811]
1497 3340 1660 3381 Bonn.
1545 3385 2334 3433 In unſer Muſterregiſter iſt eingetragen:
1546 3432 2333 3477 Nr. 788. Bonuer Fahnenfabrik,
1499 3477 2333 3525 Bonn, ein perſiegelter Umſchlag, ent⸗
1497 3522 2334 3568 haltend 1 Zeichnung von einer Vierbund⸗
1496 3568 2333 3615 fahne, Geſchäftsnummer 9083, Flächen⸗
1494 3613 2331 3660 erzeugniſſe, Schutzfriſt 3 Jahre, an⸗
1492 3660 2330 3708 gemeldet am 17. Juni 1916, Vormittags
1493 3705 1831 3748 11 Uhr 50 Min.
1540 3752 2095 3794 Bonn, den 20. Juni 1916.
1525 3796 2294 3844 Königliches Amtsgericht. Abteilung 9.
2174 3868 2333 3917 [23919]
1490 3867 2008 3908 Geislingen, Steige.
1589 3912 2224 3958 K. Amtsgericht Geislingen.
1537 3955 2329 4004 In das Muſterregiſter Band II iſt
1489 4003 2329 4049 heute bei der Firma Württembergiſche
1488 4050 2327 4096 Metallwarenfabrik, Aktien⸗Geſell⸗
1486 4096 2325 4143 ſchaft in Geislingen, Steige, ein⸗
1487 4142 2325 4188 getragen worden: 1 verſiegeltes Paket,
1486 4187 2326 4233 enthaltend 4 Abbildungen neuer Muſter
1484 4233 2323 4280 plaſtiſcher Erzeugniſſe, und zwar: Feuer⸗
1484 4279 2322 4326 zeug 077, Zigarrenbecher 078, Leuchter 079,
1488 4325 2322 4370 Blumenhalter 080, angemeldet; am
1485 4371 2322 4418 13. Juli 1916, Nachmittags 5 ¾ Uhr,
1483 4416 1884 4463 Schutzfriſt 3 Jahre.
1531 4462 1933 4506 Den 14. Juli 1916.
1665 4509 2138 4554 Oberamtsrichter Dürr.
2167 4573 2324 4627 [23993]
1483 4574 1865 4621 Grenzhausen.
1528 4624 2318 4670 Im hieſigen Muſterregiſter wurde ein⸗
1479 4671 1652 4716 getragen:
1529 4715 2319 4762 Nr. 419. Fabrikant Ehefrau Karl
1478 4762 2316 4808 Auguſt Gelhard, Berta geb. Krück⸗
1476 4808 2318 4853 meyer, in Hilgert, 1 Paket mit 1 Muſter
1478 4853 2317 4904 für eine Tonpfeife „Mackenſen“, verſiegelt,
1477 4897 2314 4946 Muſter für plaſtiſche Erzeugniſſe, Fabrik⸗
1476 4945 2315 4994 nummer 5100, Schutzfriſt 3 Jahre, ange⸗
1474 4991 2315 5037 meldet am 16. Juni 1916, Nachmittags
1473 5036 1871 5077 4 Uhr 20 Minuten.
1522 5082 2223 5133 Grenzhauſen, den 10. Juli 1916.
1473 5127 2310 5174 Königliches Amtsgericht Höhr⸗Grenzhauſen.
1730 5232 2052 5323 Konkurſe.
2159 5332 2310 5385 [23992]
1473 5336 2136 5375 Bad Homburg v. d. Höhe.
1520 5380 2309 5426 Ueber den Nachlaß des am 11. Juli
1473 5426 2308 5468 1914 verſtorbenen Kaufmanns und
1470 5471 2306 5518 Ingenieurs Karl Michael Seil⸗
1470 5516 2307 5563 heimer von Gonzenheim iſt am 11. Juli
1472 5563 2306 5609 1916, Vorm. 10 Uhr, das Konkursver⸗
1468 5608 2307 5658 fahren eröffnet worden. Der Rechtsanwalt
1470 5653 2306 5705 Dr. Wieſenthal iſt zum Konkursverwalter
1469 5699 2305 5744 ernannt worden. Friſt zur Anmeldung
1468 5744 2306 5792 von Forderungen bis zum 15. Auguſt
1470 5790 2302 5837 1916. Bei ſchriftlicher Anmeldung Vor⸗
1468 5836 2303 5883 lage in doppelter Ausfertigung erwünſcht.
1467 5881 2305 5929 Erſte Gläubigerverſammlung am 5. Auguſt
1468 5929 2301 5974 1916. Vorm. 10. Prüfungstermin
1467 5975 2307 6020 am 29. Auguſt 1916, Vormittags
1469 6019 2304 6066 10 Uhr, vor dem Königl. Amtsgericht
1467 6064 1920 6111 hier, Dorotheenſtr. 22.
1517 6110 2302 6156 Bad Homburg v. d. H., den 11. Juli
1467 6157 1570 6194 1916.
1689 6200 2092 6247 Königl. Amtsgericht.
2153 6272 2300 6316 [23802]
1466 6271 1739 6306 Glauchau.
1513 6315 2301 6363 Ueber das Vermögen des Gutspächters
1466 6362 2300 6408 Emil Börner in Niederlungwitz wird
1464 6407 2312 6453 heute, am 13. Juli 1916, Nachmittags
1464 6451 2312 6500 6 Uhr, das Konkursverfahren eröffnet.
1463 6496 2312 6547 Konkursverwalter: Rechtsanwalt Häußler
2392 356 3230 404 hier. Anmeldefriſt bis zum 5. Auguſt 1916.
2394 400 3233 455 Wahl⸗ und Prüfungstermin am 14. Auguſt
2393 451 3233 494 1916, Vormittags 11 Uhr. Offener
2391 494 3233 542 Arreſt mit Anzeigepflicht bis zum 6. Auguſt
2393 533 2496 584 1916.
2439 586 3071 632 Glauchau, den 13. Juli 1916.
2571 633 3051 679 Königliches Amtsgericht.
3074 701 3236 749 [23752]
2393 702 2668 742 Hamburg.
2439 746 3233 791 Ueber das Nachlaßvermögen des hier⸗
2392 791 3233 837 ſelbſt am 11. April 1916 verſtorbenen In⸗
2392 837 3233 883 habers des Weinreſtaurants „Wil⸗
2392 883 3231 931 helms⸗Keller“ Chriſtian Karl Gott⸗
2392 929 3227 976 hold Wieduer, zuletzt: Hamburg,
2391 976 3230 1020 Alſterdamm 34 part., wohnhaft geweſen,
2390 1019 3230 1066 wird heute, Nachmittags 3 Uhr, Konkurs
2390 1066 3228 1110 eröffnet. Verwalter: beeidigter Bücher⸗
2391 1112 3229 1158 reviſor P. Woldemar Möller, Jungfern⸗
2391 1157 3227 1206 ſtieg 40 II. Offener Arreſt mit Anzeige⸗
2391 1203 3228 1250 friſt bis zum 15. Auguſt d. Js. ein⸗
2392 1244 3228 1293 ſchließlich. Anmeldefriſt bis zum 15. Sep⸗
2390 1287 3228 1340 tember d. Js. einſchließlich. Erſte Gläu⸗
2390 1340 3228 1387 bigerverſammlung d. 16. Auguſt d. J.,
2390 1384 3227 1434 Vorm. 11 Uhr. Allgemeiner Prüfungs⸗
2390 1430 3226 1480 termin d. 11. Oktober d. J., Vorm.
2390 1478 2606 1522 10 ½ Uhr.
2434 1525 3075 1568 Hamburg, den 14. Juli 1916.
2629 1570 2977 1616 Das Amtsgericht.
2518 1613 3096 1660 Abteilung für Konkursſachen.
3070 1686 3235 1729 [23754]
2390 1683 2839 1726 Königsberg, Pr.
2432 1729 3226 1775 Ueber den Nachlaß des am 5. Mai 1916
2385 1775 3226 1822 verſtorbenen Ingenieurs Adolf Rempel
2387 1821 3225 1873 aus Königsverg i. Pr. iſt am 12. Juli
2387 1867 3223 1913 1916, Vorm. 11 Uhr, das Konkursver⸗
2387 1912 3223 1958 fahren eröffnet. Verwalter iſt der Rechts⸗
2382 1959 3224 2005 anwalt Kröhnert von hier. Anmeldefriſt
2387 2005 3224 2051 für Konkursforderungen bis zum 14. Auguſt
2385 2050 3222 2097 1916. Erſte Gläubigerverſammlung und all⸗
2383 2092 3223 2148 gemeiner Prüfungstermin den 16. Auguſt
2386 2143 3221 2194 1916, Vorm. 11 ½ Uhr, Zimmer 74.
2383 2186 3220 2238 Offener Arreſt mit Anzeigefriſt bis zum
2384 2235 2726 2279 12. Auguſt 1916.
2428 2278 3220 2325 Königsberg i. Pr., den 12. Juli 1916.
2497 2326 3106 2370 Königl. Amtsgericht. Abt. 29.
3068 2397 3220 2444 [23806]
2383 2387 2865 2438 Königstein, Elbe.
2428 2441 3221 2487 Ueber das Vermögen des Sattler⸗
2378 2487 3221 2535 meiſters Friedrich Hermann Scherz
2379 2533 3220 2580 in Königſtein, Bielatalſtraße 91, wird
2379 2578 3219 2625 heute, am 12. Juli 1916, Nachmittags
2379 2625 3218 2670 5 Uhr, das Konkursverfahren eröffnet. Kon⸗
2376 2671 3218 2720 kursverwalter: Rechtsanwalt Dr. Henning
2377 2716 3215 2763 in Königſtetn. Anmeldefriſt bis zum 1. Sep⸗
2376 2763 3218 2809 tember 1916. Wahltermin am 22. Juli
2378 2809 3215 2856 1916, Vormittags ½10 Uhr. Prü⸗
2374 2854 3215 2907 fungstermin am 27. September 1916,
2374 2901 3217 2946 Vormittags ½10 Uhr. Offener Arreſt
2374 2947 3215 2991 mit Anzeigepflicht bis zum 19. Juli 1916.
2420 2992 3072 3042 Königſtein, den 12. Juli 1916.
2548 3038 3028 3085 Königliches Amtsgericht.
3065 3106 3214 3157 [23989]
2374 3108 2730 3147 Saargemünd.
2421 3153 3213 3199 Ueber den Nachlaß des zu Saargemünd
2373 3193 3215 3250 am 20. März 1916 verſtorbenen Schnei⸗
2372 3245 3212 3292 ders Peter Tobi, in Saargemünd
2373 3291 3212 3336 wohnhaft geweſen, wird heute, am 12. Juli
2374 3336 3210 3382 1916, Nachmittags 5 Uhr, das Konkurs⸗
2372 3382 3209 3426 verfahren eröffnet. Konkursverwalter: Ge⸗
2374 3428 3209 3474 ſchäftsmann Nikolaus Klein zu Saarge⸗
2373 3475 3210 3519 münd. Anmeldefriſt, offener Arreſt und
2373 3519 3208 3567 Anzeigefriſt: 29. Juli 1916. Gläubiger⸗
2370 3564 3207 3613 verſammlung und Prüfungstermin: Mitt.
2370 3610 3206 3656 woch, den 2. Auguſt 1916, Vormit⸗
2368 3656 3206 3703 tags 10 Uhr, Zimmer Nr. 24. — N. 3/16.
2391 3702 3184 3750 Katſerliches Amtsgericht Saargemünd.
3056 3766 3207 3816 [23995]
2369 3769 2631 3814 Stuttgart.
2425 3818 3146 3865 K. Amtsgericht Stuttgart Abtt.
2414 3863 3203 3911 Konkurseröffnung über das Vermögen
2368 3908 3203 3957 1) des Bauers Jakob Fritz. 2) deſſen
2367 3955 3200 4003 Ehefrau, Gottliebin geb. Schuldt,
2366 4002 3201 4049 Steinenbronn, am 12. Juli 1916, Nach⸗
2363 4047 3200 4094 mittags 4 Uhr. Konkursverwalter: Bez.⸗
2364 4093 3202 4145 Not. Schäfer, Echterdingen. Offener
2364 4138 3199 4185 Arreſt mit Anzeigefriſt bis 5. Auguſt 1916.
2363 4185 3200 4231 Anmeldefriſt bis 5. Auguſt 1916. Erſte
2362 4229 3197 4276 Gläubigerverſammlung, Wahl⸗ und all⸗
2360 4277 3198 4326 gemeiner Prüfungstermin am 14. Auguſt
2360 4324 3003 4370 1916, Nachmittags 4 Uhr.
2407 4368 2807 4412 Den 13. Juli 1916.
2359 4413 3195 4463 Gerichtsſchreiberei. Oberſekr. (Unterſchrift).
3041 4508 3193 4556 [23801]
2359 4507 2657 4542 Allenstein.
2405 4552 3193 4597 Das Konkursverfahren über das Ver⸗
2357 4598 3193 4645 mögen der Frau Klara Spahn in
2357 4644 3193 4689 Allenſtein, Hindenburgſtraße 23, wird
2356 4689 3191 4738 nach erfolgter Abhaltung des Schluß⸗
2357 4736 2941 4782 termins hierdurch aufgehoben.
2400 4782 3024 4827 Allenſtein, den 7. Juli 1916.
2532 4827 3009 4874 Königliches Amtsgericht.
3036 4893 3199 4948 [23746]
2352 4898 2549 4934 Berlin.
2400 4943 3187 4986 Das Konkursverfahren über das Ver⸗
2345 4987 3189 5035 mögen der Dorotheenſtadt Gaſthof⸗
2350 5034 3188 5081 Aktiengeſellſchaft, früher Grand
2349 5081 3186 5127 Hotel de Ruſfie in Berlin, Georgen⸗
2348 5127 3186 5174 ſtraße 21 — 22, iſt infolge Schlußverteilung
2354 5172 3185 5220 nach erfolgter Abhaltung des Schlußtermins
2346 5217 2764 5263 hierdurch aufgehoben.
2393 5265 2941 5307 Berlin, den 4. Juli 1916.
2392 5310 3135 5356 Der Gerichtsſchreiber des Königlichen
2368 5355 3159 5399 Amtsgerichts Berlin⸗Mitte. Abt. 154.
3026 5426 3184 5473 [23744]
2346 5426 2541 5460 Berlin.
2391 5470 3180 5514 In dem Konkursverfahren über das
2344 5516 3180 5561 Vermögen des Pianofortefabrikanten
2343 5562 3177 5607 Franz Borkenhagen, alleinigen In⸗
2341 5608 3177 5660 habers der Firma M. Borkenhagen zu
2345 5653 3177 5699 Berlin O. 34, Cadinerſtr. 17, iſt zur
2342 5699 3176 5745 Abnahme der Schlußrechnung des Ver⸗
2340 5744 3172 5790 walters ſowie zur Anhörung der Gläu⸗
2340 5790 3174 5837 biger über die Erſtattung der Auslagen
2340 5835 3172 5883 und die Gewährung einer Vergütung an
2339 5881 3173 5927 die Mitglieder des Gläubigerausſchuſſes
2340 5927 3172 5974 der Schlußtermin auf den 25. Juli
2342 5973 3170 6019 1916, Vormittags 10 ½ Uhr, vor dem
2338 6018 3172 6064 Königlichen Amtsgerichte hierſelbſt, Neue
2339 6063 3168 6111 Friedrichſtr. 13/14, III. Stockwerk, Zim⸗
2337 6110 2720 6154 mer 111, beſtimmt.
2383 6155 2954 6199 Berlin, den 13. Juli 1916.
2383 6199 3121 6248 Der Gerichtsſchreiber des Königlichen
2337 6246 3165 6293 Amtsgerichts Berlin⸗Mitte. Abteilung 81.
3022 6315 3172 6363 [23924]
2339 6317 2575 6353 Buchloe.
2382 6362 3170 6407 Das Kgl. Amtsgericht Buchloe hat mit
2337 6408 3167 6453 Beſchluß des Amtsgerichts Buchloe vom
2336 6454 3169 6498 13. Juli 1916 das Konkursverfahren über
2334 6500 3167 6548 das Vermögen der Drechſlermeiſters⸗
3268 356 4106 406 eheleute Ignaz und Afra Sigl in
3270 405 4106 453 Buchloe, als durch Schlußverteilung be⸗
3264 445 3643 497 endigt, aufgehoben.
3473 493 3900 543 Der Gerichtsſchreiber
3373 539 3999 588 des K. Amtsgerichts Buchloe.
3954 612 4107 659 [23991]
3268 606 3618 650 Cöln, Rhein.
3314 655 4109 701 Das Konkursverfahren über das Ver⸗
3268 701 4106 748 mögen der Firma Adam Speck &
3270 746 4105 794 Weyers, Büroeinrichtungsgeſell⸗
3269 791 4106 839 ſchaft m. b. H. in Liquidation in
3268 837 4104 886 Cöln, wird nach Abhaltung des Schluß⸗
3269 884 3852 930 termins hierdurch aufgehoben.
3313 929 3852 975 Cöln, den 12. Juli 1916.
3345 974 4027 1020 Königliches Amtsgericht. Abt. 65.
3952 1040 4116 1095 [23803]
3267 1033 3558 1085 Eschwege.
3314 1089 4103 1136 Das Konkursverfahren über das Ver⸗
3269 1132 4105 1188 mögen des Kaufmanns Emil Weiß⸗
3269 1180 4105 1229 haar in Eſchwege wird, nachdem der in
3267 1225 4104 1273 dem Vergleichstermine vom 25. Mai 1916
3267 1274 4104 1320 angenommene Zwangsvergleich durch rechts⸗
3268 1317 4102 1366 kräftigen Beſchluß vom 25. Mai 1916 be⸗
3266 1362 3903 1412 ſtätigt iſt, hierdurch aufgehoben.
3312 1407 3923 1456 Eſchwege, den 8. Juli 1916.
3333 1454 4009 1503 Königliches Amtsgericht. Abt. II.
3954 1520 4111 1573 [23749]
3268 1523 3551 1564 Göttingen.
3311 1569 4101 1615 Das Konkursverfahren über das Ver⸗
3263 1615 4102 1666 mögen des Zeitungsverlegers Paul
3262 1662 4101 1710 Hubert zu Göttingen wird nach er⸗
3263 1706 4102 1756 folgter Abhaltung des Schlußtermins
3264 1752 3678 1800 hierdurch aufgehoben.
3311 1798 3958 1844 Göttingen, den 12. Juli 1916.
3388 1844 3972 1892 Königliches Amtsgericht. IV.
3949 1911 4111 1966 [23753]
3264 1916 3743 1958 Hattingen, Ruhr.
3576 1962 3792 2007 Beſchluß.
3307 2005 4098 2051 Das Konkursverfahren über das Ver⸗
3260 2052 4097 2100 mögen des Kaufmanns Adolf Feuer⸗
3260 2098 4099 2146 ſtein zu Hattingen wird nach erfolgter
3261 2143 4098 2193 Abhaltung des Schlußtermins hierdurch
3261 2189 3481 2232 aufgehoben.
3305 2236 3959 2281 Hattingen, den 16. Juni 1916.
3434 2282 3913 2330 Königliches Amtsgericht.
3949 2348 4103 2403 [23922]
3260 2348 3560 2392 Heilbronn.
3363 2394 3988 2442 K. Amtsgericht Heilbronn.
3306 2441 4095 2491 Das Konkursverfahren über den Nachlaß
3259 2486 4093 2534 des im Felde gefallenen Chriſtian Kolb,
3259 2533 4095 2578 geweſ. Schuhmachermeiſters in Unter⸗
3258 2580 4093 2629 eiſesheim, wurde nach erfolgter Abhaltung
3258 2625 4092 2674 des Schlußtermins und vollzogener Schluß⸗
3256 2672 4092 2720 verteilung durch Gerichtsbeſchluß vom
3257 2717 3758 2763 13. ds. Mts. aufgehoben.
3303 2763 3709 2815 Den 14. Juli 1916.
3391 2809 3954 2855 Amtsgerichtsſekretär Alber.
3936 2893 4089 2940 [23804]
3253 2889 3852 2934 Johannisburg, Ostpr.
3565 2937 3781 2982 Beſchluß.
3300 2980 4087 3028 In der Konkursſache über das Ver⸗
3252 3029 4089 3077 mögen der Tiſchlermeiſterfrau Frieda
3252 3074 4087 3123 Blouski, geborene Ruchay, aus Jo⸗
3252 3121 4087 3170 hannisburg wird Termin zur Anhörung
3251 3165 4084 3214 der Gläubigerverſammlung über Ein⸗
3249 3211 4084 3262 ſtellung des Konkursverfahrens wegen
3251 3257 4085 3307 Mangels einer den Koſten des Verfahrens
3249 3304 4085 3351 entſprechenden Konkursmaſſe auf den
3248 3349 4085 3400 4. September 1916. Vormittags
3248 3395 3938 3443 9 Uhr, Zimmer Nr. 3, beſtimmt.
3293 3440 4020 3488 Johannisburg, den 7. Juli 1916.
3419 3486 3900 3536 Königliches Amtsgericht.
3935 3571 4086 3620 [23921]
3247 3568 3765 3609 Karlsruhe, Baden.
3293 3613 4080 3665 Das Konkursverfahren über den Nachlaß
3245 3659 4081 3710 des Oberreviſors Michael Ruffler
3244 3705 4080 3758 von Karlsruhe iſt am 12. Juli 1916
3243 3752 4077 3795 mangels den Koſten des Verfahrens ent⸗
3244 3795 3968 3843 ſprechender Maſſe eingeſtellt worden.
3291 3841 3945 3888 Karlsruhe, den 12. Juli 1916.
3243 3887 4076 3940 Gerichtsſchreiberei Großh. Amtsgerichts A 6.
3932 3963 4076 4008 [23805]
3239 3951 3722 4000 Königstein, Elbe.
3286 4002 4078 4054 Das Konkursverfahren über den Nachlaß
3240 4048 4075 4097 des verſtorbenen Schneidermeiſters und
3238 4095 4074 4147 Hausbeſitzers Otto Eduard Winkler
3238 4141 4073 4193 in Papſtdorf wird nach Abhaltung des
3237 4187 3957 4235 Schlußtermins hierdurch aufgehoben.
3281 4232 3935 4278 Königſtein, den 12. Juli 1916.
3417 4279 3897 4327 Königliches Amtsgericht.
3917 4348 4075 4399 [23926]
3236 4344 3456 4394 Leipzig.
3281 4393 4067 4437 Das Konkursverfahren über das Ver⸗
3234 4441 4069 4490 mögen des Kaufmanns Ernſt Friedrich
3232 4486 4068 4536 Kupfahl in Leipzig, Blücherſtr. 31,
3237 4531 4070 4581 Inhabers eines Lederwaren⸗ u. Haar⸗
3232 4576 4066 4630 ſchmuckgeſchäfts in Leipzig⸗Plagwitz,
3230 4622 4064 4676 Zſchocherſcheſtr. 24, wird nach Abhaltung
3232 4669 4066 4720 des Schlußtermins hierdurch aufgehoben.
3276 4715 3860 4761 Leipzig, den 12. Juli 1916.
3283 4761 4012 4808 Königliches Amtsgericht. Abt. II A1.
3912 4829 4067 4882 [23925]
3228 4822 3454 4872 Leipzig.
3276 4876 4061 4920 Das Konkursverfahren über das Ver⸗
3228 4923 4062 4975 mögen des Tiſchlermeiſters Georg
3227 4968 4061 5019 Fehrmann in Leipzig⸗Schleußig,
3227 5013 4061 5058 Schnorrſtr. 31, Inhabers einer Bau⸗
3227 5061 4060 5112 und Möbeltiſchlerei in Leipzig, Alex⸗
3227 5107 4060 5156 anderſtr. 11, wird nach Abhaltung des
3226 5152 3946 5196 Schlußtermins hierdurch aufgehoben.
3269 5197 3854 5244 Leipzig, den 12. Juli 1916.
3269 5243 4013 5288 Königliches Amtsgericht. Abt. II A1.
3906 5317 4057 5366 [23807]
3220 5306 3881 5357 Lichtenstein-Callnberg.
3268 5359 4056 5402 In dein Konkursverfahren über das Ver⸗
3225 5404 4056 5452 mögen des Kaufmanns Friedrich Karl
3222 5450 4054 5499 Kümritz in Lichtenſtein, alleiniger In⸗
3220 5494 4052 5545 haber der Firma Max Pakulla Nach⸗
3218 5542 4050 5593 folger in Lichtenſtein wird zur Prüfung
3217 5587 4051 5636 der nachträglich angemeldeten Forderungen
3216 5632 4049 5682 Termin auf den 18. Auguſt 1916,
3215 5679 4051 5728 Vorm. 9 Uhr, vor dem unterzeichneten
3216 5724 3608 5765 Gerichte anberaumt.
3259 5770 3928 5816 Lichtenſtein, den 13. Juli 1916.
3393 5814 3873 5865 Königliches Amtsgericht.
3894 5889 4047 5933 [23923]
3214 5885 3652 5925 Mülheim, Ruhr.
3258 5930 4046 5982 Das Konkursverfahren über den Nachlaß
3210 5977 4049 6023 des Steinfabrikanten Heinrich Seller⸗
3212 6022 4047 6071 beck, alleinigen Inhabers der Firma
3212 6067 4043 6115 Zellerbeck & Stöckmann in Mülheim,
3211 6113 4044 6163 Ruhr, wird nach erfolgter Abhaltung des
3211 6159 3934 6207 Schlußtermins hterdurch aufgehoben.
3254 6205 4019 6248 Mülheim⸗Ruhr, den 12. Juli 1916.
3386 6249 3866 6297 Königliches Amtsgericht.
3886 6315 4048 6370 [23755]
3210 6319 3585 6355 Neutomischel.
3252 6364 4038 6409 In dem Konkursverfahren über den
3207 6409 4036 6460 Nachlaß des im Kriege gefallenen Kauf.
3206 6456 4039 6506 manns Ottomar Kuß aus Bahnhof
3206 6501 4038 6554 Sontop iſt zur Prüfung der nachträglich
4145 360 4982 409 angemeldeten Forderungen Termin auf den
4147 408 4985 454 11.Auguſt 1916, Vormittags
4147 452 4986 503 10 ½ Uhr, vor dem Königlichen Amtsgericht
4147 498 4698 542 in Neutomiſchel anberaumt.
4191 544 4907 590 Neutomiſchel, den 13. Juli 1916.
4357 590 4773 637 Der Gerichtsſchreiber
4283 636 4867 683 des Königlichen Amtsgerichts.
4837 707 4986 756 [23756]
4146 704 4328 740 Pinne.
4190 749 4985 796 In dem Konkursverfahren über das
4145 794 4985 845 Vermögen des Kaufmanns Jakob
4141 840 4987 887 Felbel in Vinne, Alleininhabers der
4144 887 4983 938 Firma Witwe Dorothea Salomonsky
4144 930 4986 979 und Sohn in Pinne, hat der Gemein⸗
4144 977 4984 1028 ſchuldner einen Vorſchlag zu einem Zwangs⸗
4143 1023 4986 1071 vergleiche gemacht. Der Vergleichsvor⸗
4144 1069 4985 1119 ſchlag und die Erklärung des Gläubiger⸗
4144 1115 4986 1162 ausſchuſſes ſind auf der Gerichtsſchreiberei
4143 1160 4982 1208 des Konkursgerichts zur Einſicht der Be⸗
4142 1206 4984 1254 teiligten niedergelegt. Termin zur Ver⸗
4145 1253 4986 1302 handlung über den Vergleichsvorſchlag iſt
4143 1298 4985 1348 auf den 29. Juli 1916, Vormittags
4144 1344 4984 1392 10 Uhr, vor dem Königlichen Amts⸗
4143 1389 4984 1439 gericht hierſelbſt, Zimmer Nr. 10, anbe⸗
4143 1437 4268 1474 raumt.
4188 1482 4761 1535 Pinne, den 30. Juni 1916.
4352 1528 4768 1573 Der Gerichtsſchreiber
4261 1573 4853 1624 des Königlichen Amtsgerichts.
4833 1646 4984 1697 [23918]
4144 1643 4623 1684 Sebnitz, Sachsen.
4187 1687 4982 1735 Das Konkursverfahren über das Ver⸗
4140 1735 4982 1789 mögen des Malers Max Stange in
4140 1780 4982 1831 Sebnitz, vertreten durch ſeinen Abweſen⸗
4143 1825 4984 1879 heitspfleger Bureauvorſtand Walter Hein⸗
4140 1872 4982 1924 rich ebenda, wird nach Abhaltung des
4140 1917 4860 1965 Schlußtermins hierdurch aufgehoben.
4186 1963 4786 2008 Sebnitz, den 13. Juli 1916.
4316 2010 4795 2060 Königliches Amtsgericht.
4829 2086 4995 2139 [23994]
4138 2075 4402 2121 Stuttgart.
4179 2124 4933 2174 K. Amtsgericht Stuttgart Stadt.
4184 2170 4980 2220 Das Konkursverfahren über das Ver⸗
4136 2217 4980 2266 mögen des Georg Klein, Inhaber einer
4136 2262 4979 2316 Möbelhandlung hier, wurde nach
4135 2309 4979 2364 rechtskräftiger Beſtättgung des Zwangs⸗
4135 2354 4979 2409 vergleichs durch Gerichtsbeſchluß von heute
4136 2400 4358 2448 aufgehoben.
4183 2446 4586 2491 Den 14. Juli 1916.
4229 2491 4868 2545 Landgerichtsſekretär Luippold.
4825 2571 4993 2621 [23920]
4132 2559 4345 2602 Treuen.
4179 2608 4976 2657 Das Konkursverfahren über das Ver⸗
4132 2655 4976 2707 mögen des verſtorbenen Kaufmanns
4132 2699 4975 2754 Ernſt Albin Fritzſch in Eich wird nach
4131 2745 4977 2800 Abhaltung des Schlußtermins hierdurch
4130 2792 4353 2835 aufgehoben.
4176 2837 4761 2884 Treuen, den 14. Juli 1916.
4308 2884 4787 2935 Königliches Amtsgericht.
4821 2963 4977 3007 [23757]
4133 2954 4399 2991 Werneck.
4176 3001 4974 3055 Das Konkursverfahren über den Nachlaß
4128 3045 4975 3100 des verwitweten Bauern Michael
4129 3091 4976 3141 Schneider von Schwanfeld wurde mit
4129 3137 4974 3189 Beſchluß des K. Amtsgerichts Werneck
4126 3185 4973 3236 vom 12. Juli 1916 mangels einer den
4125 3228 4974 3286 Koſten des Verfahrens entſprechenden
4127 3276 4798 3328 Maſſe eingeſtellt. (§ 204 K.⸗O.)
4172 3322 4783 3373 Werneck, den 13. Juli 1916.
4160 3367 4945 3422 Gerichtsſchreiberei des K. Amtsgerichts.
4136 3509 4964 3607 Tarif⸗ ꝛc. Bekanntmachungen
4300 3604 4793 3687 der Eiſenbahnen.
4120 3686 4264 3733 [23808]
4207 3735 4968 3789 Ausnahmetarif ſür verſchiedene
4118 3779 4969 3830 Futtermittel — Tfv. 2 IIIu. Mit
4119 3826 4967 3880 Gültigkeit vom 17. d. Mts. treten auch
4116 3871 4968 3926 die bayeriſchen Staatsbahnen und die hier
4120 3918 4967 3967 anſchließenden Nebenbahnen der Erweite⸗
4115 3965 4966 4019 rung des Warenverzeichniſſes auf Leim⸗
4115 4009 4399 4050 kraftfutter bei.
4163 4056 4732 4105 Berlin, den 12. Juli 1916.
4167 4101 4888 4153 Königliche Eiſenbahndirektion.
4110 4163 4256 4216 [23809]
4324 4166 4742 4227 Brandenburgiſche
4195 4214 4876 4272 Städtebahn⸗Aktiengeſellſchaft.
4158 4261 4962 4318 Auf Seite 13 des diesſeitigen Binnen⸗
4109 4306 4960 4360 Perſonentarifs werden mit Gültigkeit vom
4109 4353 4960 4408 Tage der Betriebseröffnung die neu⸗
4108 4399 4958 4457 errichteten Perſonenhaltepunkte Gapel und
4107 4445 4958 4503 Premnitz⸗Süd mit Entfernungen nachge⸗
4106 4494 4233 4531 tragen.
4154 4538 4957 4588 Premnitz⸗Süd wird am 18. d. Mts.
4105 4583 4956 4638 eröffnet. Der Tag der Eröffnung des
4104 4628 4954 4685 Perſonenhaltepunkts Gapel wird beſonders
4104 4675 4954 4731 bekanntgegeben. Nähere Auslunft erteilen
4104 4721 4391 4762 die Stationen.
4151 4768 4955 4823 Brandenburg a. H., den 11. Juli 1916.
4360 4817 4699 4862 Die⸗Direktion.
4089 4877 4253 4928 [23810]
4153 4931 4952 4986 Weſtdeutſch⸗Sächſiſcher Verkehr.
4103 4974 4950 5025 Am 17. Juli 1916, wird die Station
4101 5017 4950 5078 Rotthauſen“ (Kr. Eſſen) als Verſand⸗
4099 5067 4949 5119 ſtation in den Ausnahmetarif 6 für Brenn⸗
4099 5112 4949 5171 ſtoffe aufgenommen; die Frachtſätze für
4097 5157 4948 5212 Rotthauſen (Kr. Eſſen) Zechen Dahl⸗
4098 5203 4947 5260 buſch I, III, IV und VI treten dagegen
4097 5252 4946 5306 am 17. September 1916 außer Kraft.
4096 5294 4946 5346 Ferner werden am 17. Juli 1916 die
4091 5339 4944 5399 ſächſiſchen Stationen Altmittweida und
4095 5387 4943 5444 Grünhainichen⸗Borſtendorf als Empfangs⸗
4096 5433 4945 5487 ſtationen in den Ausnahmetarif 11 für
4093 5477 4942 5532 Dachſchiefer einbezogen. Näheres iſt aus
4091 5526 4942 5580 dem Tarif⸗ und Verkehrsanzeiger der
4088 5571 4945 5622 preußiſch⸗heſſiſchen Staatseiſenbahnen und
4088 5619 4935 5671 aus unſerem Verkehrsanzeiger zu erſehen,
4087 5662 4813 5715 auch geben die Stationen Auskunft.
4133 5707 4747 5761 Dresden, am 14. Juli 1916.
4086 5752 4936 5805 Kgl. Gen.⸗Dir. d. Sächſ. Staatseiſen⸗
4085 5801 4936 5855 bahnen, namens der beteil. Verwaltungen.
4084 5868 4229 5914 [23990]
4083 5906 4938 5965 Südweſtdeutſch⸗ſchweizeriſcher Güter⸗
4082 5962 4930 6014 verkehr. Die Beſtimmung über die Fracht⸗
4084 6006 4931 6057 berechnung nach dem Ladegewicht der ge⸗
4084 6050 4931 6103 ſtellten Wagen findet vom 1. Auguſt 1916
4081 6097 4931 6147 an keine Anwendung mehr auf die im
4081 6142 4928 6192 ſüdweſtd.⸗ſchweiz. Torifheft 2 enthaltenen
4081 6186 4929 6242 Frachtſätze des A.⸗T. 12, Abteilung 11
4080 6234 4928 6284 und 111 (Steine uſw.) im Verkehre mit
4079 6278 4927 6333 Badiſch Rheinfelden, Haagen (Baden),
4077 6323 4925 6378 Lörrach, Riehen b. Baſel und Wyhlen.
4075 6369 4763 6422 Näheres in unſerem Tarifanzeiger.
4120 6415 4779 6462 Karlsruhe, den 13. VII. 1916.
4250 6462 4744 6505 Gr. Generaldirektion
4225 6507 4760 6558 der Staatseiſenbahnen.
6788 463 7752 684 Poſtblatt
5304 676 9222 859 zum Deutſchen Reichsanzeiger und Königlich Preußiſchen Staatsanzeiger.
5208 879 9340 987 Nachrichten von allgemeinerem Intereſſe für den Verkehr mit der Poſt und Telegraphie nebſt Porto⸗ und Telegrammgebührentarif.
5126 1008 5400 1097 Nr. 3.
6800 1023 7746 1103 Berlin, Montag, den 17. Juli
9140 1022 9442 1100 1916.
5195 1156 9351 1239 Das Poſtblatt erſcheint vierteljährlich, in der Regel am erſten Tage des Vierteljahrs, und kann durch Vermittelung der Reichspoſtanſtalten gegen Vorausbezahlung
6023 1235 8528 1306 von 40 Pf. jährlich, ſowie zum Preiſe von 10 Pf. für die einzelne Nummer bezogen werden.
7008 1375 7559 1448 Vorbemerkungen.
5203 1492 6508 1542 1) Vom 1. August ab wird als Zuschlag zu gewissen Post- und
5127 1539 6506 1588 Telegraphengebühren eine außerordentliche Reichsabgabe erhoben.
5119 1585 6504 1632 Die Einzelheiten sind aus den Tarifen unter A, B, F und G zu ersehen.
5125 1630 6506 1680 Ueber die Ermäſigungen und Befreiungen von der Abgabe sowie über
5121 1678 6410 1725 die Uebergangsvorschriften erteilen die Postanstalten Auskunft.
5192 1722 6503 1769 2) Der Briefverkehr mit dem gesamten Gebiet des General-
5115 1770 6503 1821 gouvernements Warschau ist nunmehr unter den bisher geltenden
5118 1816 5598 1860 Bedingungen zugelassen.
5195 1857 6500 1903 3) Im deutsch-ungarischen Wechselverkehr ist die Eilbestell-
5118 1906 6233 1958 gebühr für Briefsendungen auf 50 Pf. erhöht worden.
6837 1446 7718 1494 (Neuerungen ſind in Schrägschrift gedruckt.)
6674 1501 7968 1550 4) Postanweisungen nach Bulgarien sind nicht mehr in Franken
6579 1548 7968 1593 und Centimen, sondern in Leva and Stotinki, solche nach der Türkei
6577 1594 7968 1638 nicht mehr in Franken und Centimen, sondern in Piastern und
6577 1639 6951 1680 Para auszustellen.
6670 1710 7042 1755 5) Zugelassen ist:
6729 1768 7966 1816 a. die bulgarische Sprache bei offen auſgelieferten Brief-
6784 1816 7344 1860 sendungen nach Bulgarien,
6731 1872 7965 1918 b. die ungarische Sprache nach den Gebieten der General-
6779 1919 7580 1963 gouvernements Belgien und Warschau.
8135 1507 8847 1552 6) Bis auf weiteres ist eingestellt:
8195 1564 9167 1612 a. der gesamte Postverkehr nach Griechenland,
8194 1622 9438 1678 b. der gesamte Postverkehr nach der Bukowina (mit Aus-
8251 1668 9439 1714 nahme einiger zum Briefverkehr zugelassener Orte, die
8248 1713 9090 1758 bei den Postanstalten zu erfragen sind),
8197 1770 9437 1810 c. der Nachnahmedienst im Verkehr mit den deutschen Post-
8250 1818 8653 1860 anstalten in China,
8193 1866 9352 1915 d. die Paketbeförderung nach Norwegen über Lübeck,
8196 1920 9024 1969 e. der Postpaketverkehr mit der Türkei.
6915 1975 7629 2054 A. Briefſendungen.
5194 2048 6501 2106 Verſendungsbedingungen für den Verkehr des
5119 2102 5927 2152 Weltpoſtvereins (Vereinsverkehr):
5194 2148 6500 2201 1) Briefſendungen müſſen zur Zeit offen zur Poſt eingeliefert
5117 2195 6496 2245 werden und ſind mit nachſtehenden Ausnahmen nur in deutſcher,
5116 2240 6497 2293 däniſcher, engliſcher, franzöſiſcher, holländiſcher, italieniſcher,
5116 2286 6498 2338 norwegiſcher, polniſcher, portugieſiſcher, ſchwediſcher oder
5113 2331 6497 2386 ſpaniſcher Sprache zuläſſig. Nach dem beſetzten Teil von Belgien
5114 2379 6497 2432 iſt nur die deutſche, ungarische, vlamiſche und franzöſiſche, nach
5116 2423 6495 2476 dem beſetzten Teil von Rußland nur die deutſche Sprache zugelaſſen,
5115 2469 6498 2521 jedoch können Briefsendungen nach dem Generalgouvernement
5118 2517 6497 2565 Warschau auch in ungarischer Sprache und Poſtkarten dahin auch in
5115 2560 6498 2615 polniſcher Sprache abgefaßt werden. Nach Oeſterreich⸗Ungarn ſind offene
5114 2607 6497 2658 Briefſendungen auch in ungariſcher, nach Bulgarien in bulgarischer,
5110 2653 6497 2707 nach der Türkei auch in türkiſcher Sprache zugelaſſen. Bei Briefſendungen
5115 2699 6498 2751 nach der Türkei iſt die ſpaniſche Sprache ausgeſchloſſen. Ueber die
5113 2744 6496 2799 zugelaſſenen Ausnahmen erteilen die Poſtanſtalten Auskunft. Briefe,
5113 2792 6496 2847 bei denen die Verſchlußklappe des Briefumſchlags nach innen ein⸗
5106 2832 6494 2892 geſchlagen und auf den Briefinhalt feſtgeklebt iſt, ſind unzuläſſig.
5110 2883 6216 2935 Derartige Briefe werden an die Abſender zurückgegeben.
5185 2928 6494 2982 Zur Durchführung der Ueberwachung des Nachrichtenverkehrs
5111 2971 6495 3028 iſt es erforderlich, daß der Brieftext der Privatbriefe nach dem
5109 3020 6491 3073 Auslande, gleichviel ob die Briefe in deutſcher oder in einer zu⸗
5107 3063 6492 3120 gelaſſenen fremden Sprache abgefaßt ſind, nicht über zwei Bogen⸗
5111 3113 6493 3165 eiten gewöhnlichen Briefformats (Quart) hinausgeht. Die Briefe
5108 3159 6492 3212 dürfen keine Anlagen enthalten, in denen ſich Nachrichten be⸗
5109 3205 6493 3258 finden, ſie müſſen ferner in deutlicher, ohne weiteres gut lesbarer
5108 3250 6492 3304 Schrift mit nicht zu engem Zeilenabſtande geſchrieben ſein, auch dürfen
5106 3296 6491 3350 keine Schriftzeilen über Schriftzeilen einer anderen Richtung quer hinweg⸗
5107 3342 6493 3394 laufen. Bei Geſchäftsbriefen kann, wenn ſie im übrigen den vorſtehenden
5105 3388 6492 3441 Bedingungen entſprechen, der Inhalt den Raum von zwei Bogenſeiten
5104 3433 6493 3486 überſchreiten und die Beifügung von Rechnungen, Preisverzeichniſſen und
5104 3480 6494 3532 dergleichen geſchäftlichen Anlagen erfolgen. Zur Verpackung der Briefe
5102 3526 6495 3577 nach dem Auslande dürfen nur Umſchläge verwandt werden, die aus einer
5100 3570 6491 3621 einfachen Papier⸗ oder Stofflage, alſo ohne Futtereinlage aus Seiden⸗
5096 3618 6490 3671 papier oder anderen Stoffen, hergeſtellt ſind. Bei Briefen, die den
5104 3663 6491 3710 angegebenen Anforderungen nicht entſprechen, müſſen die Abſender damit
5103 3710 6492 3762 rechnen, daß ſie infolge der Erſchwerung des Prüfungsgeſchäfts mit
5104 3755 6238 3805 mehrwöchiger Verſpätung am Beſtimmungsort eintreffen.
5181 3801 6490 3854 Die zur Ueberwachung des Nachrichtenverkehrs erforderlichen Be⸗
6574 2064 7964 2115 ſchränkungen gelten nicht im Verkehr mit dem beſetzten Gebiet von
6573 2111 7962 2159 Belgien, dem Generalgouvernement Warſchau und dem zum öſter⸗
6572 2158 7963 2212 reichiſchen Verwaltungsgebiet gehörenden Gouvernement Lublin. Da⸗
6572 2203 7964 2250 gegen beſtehen ähnliche Beſchränkungen im Verkehr mit dem Poſtgebiet
6577 2249 7966 2297 des Oberbefehlshabers Oſt, über deren Einzelheiten die Poſtanſtalten
6574 2294 6884 2340 Auskunft geben.
6665 2341 7962 2389 Briefſendungen nach dem Ausland, in denen Waren enthalten
6572 2386 7966 2438 ſind, (insbeſondere alſo auch alle Warenproben), müſſen auf der
6572 2432 7964 2481 Aufſchriftſeite die genaue Angabe ihres Inhalts und die Adreſſe des
6572 2479 7964 2526 Abſenders tragen. Waren, deren Ausfuhr verboten iſt, können in
6572 2524 7964 2572 Briefſendungen nach dem Ausland nur verſandt werden, wenn dem
6572 2570 7965 2618 Abſender vom Reichskommiſſar für Aus⸗ und Einfuhrbewilligung eine
6570 2617 7964 2664 beſondere, den Poſtanſtalten bei Auflieferung der Sendungen vor⸗
6571 2663 7374 2710 zulegende Ausfuhrbewilligung erteilt iſt.
6657 2708 7961 2763 2) Verboten, mit Poſt zu verſenden: Gegenſtände, die für
6574 2754 7961 2802 die Poſtbeamten Gefahren mit ſich bringen oder welche die Brief⸗
6569 2800 7958 2848 ſendungen beſchmutzen oder verderben können, lebende
6574 2835 7963 2894 oder tote Tiere und Inſekten. Ueber bedingte Zulaſſung von
6573 2889 7961 2940 Warenproben mit Glasſachen, Flüſſigkeiten, Oelen, fetten Stoffen,
6573 2938 7961 2986 trockenen abfärbenden und nicht abfärbenden Pulvern und lebenden
6571 2983 7399 3031 Bienen geben die Poſtanſtalten Auskunft.
6662 3030 7964 3077 Nach dem Auslande gerichtete Poſtkarten mit Abbildungen
6567 3076 7963 3123 von Städten, Stadtteilen, geographiſch genau beſtimmbaren Ort⸗
6568 3120 7962 3172 ſchaften und Landſchaften, beſonders hervorragenden Baulichkeiten und
6567 3167 7962 3215 Denkmälern Deutſchlands, Oeſterreich⸗Ungarns, der Türkei, Bulgariens
6567 3213 7963 3261 und der von deutſchen,öſterreichiſch⸗ungariſchen, türkiſchen und bulgariſchen
6565 3254 7964 3308 Heeren beſetzten feindlichen Gebiete ſind bis auf weiteres von der
6566 3302 7963 3356 Poſtbeförderung ausgeſchloſſen. Nicht unter das Verbot fallen: Poſt⸗
6566 3350 7963 3398 karten nach Oeſterreich⸗Ungarn, der Türkei, Bulgarien ſowie den be⸗
6568 3395 7965 3444 ſetzten feindlichen Gebieten mit Abbildungen von Städten uſw. des
6569 3438 7325 3486 Beſtimmungslandes der Poſtkarte.
6662 3487 7965 3537 Nach dem nicht feindlichen Auslande, nach Belgien und Ruſſiſch⸗
6568 3532 7964 3580 Polen, ſind bis auf weiteres nur Poſtkarten zugelaſſen, die aus einem
6567 3578 7962 3628 Stück Steifpapier beſtehen; Auf⸗ oder Einklebungen jeder Art ſind
6565 3623 7175 3669 bei dieſen Poſtkarten verboten.
6654 3670 7956 3725 Ferner iſt verboten, in gewöhnliche oder eingeſchriebene Briefpoſt⸗
6560 3715 7954 3763 ſendungen einzulegen: a. Münzen (im Verkehr mit Oeſterreich⸗Ungarn
6562 3763 7955 3812 nebſt Liechtenſtein und Bosnien⸗Herzegowina können Münzen in die
6567 3808 7956 3857 Briefſendungen eingelegt werden); b. zollpflichtige Gegenſtände;
8039 2066 9435 2120 c. Gegenſtände, deren Einfuhr oder Umlauf im Beſtimmungslande
8040 2114 9434 2166 verboten iſt; d. Gold⸗ oder Silberſachen, Edelſteine,
8038 2156 9436 2206 Schmuckſachen und andere koſtbare Gegenſtände, wenn
8039 2204 9438 2255 das Einlegen oder die Beförderung derſelben durch Geſetzgebung der
8040 2245 9437 2297 betr. Länder verboten iſt. Abſender hat ſich unter eigener Verantwort⸗
8040 2292 9438 2350 lichkeit zu unterrichten, ob die zu verſendenden Gegenſtände mit der
8039 2342 9177 2392 Briefpoſt in die betr. Länder eingeführt werden dürfen.
8131 2387 9437 2438 3) Poſtkarten. Einfache Poſtkarten und Poſtkarten mit Ant⸗
8037 2433 9435 2484 wort zuläſſig, Höchſtmaß 14:9 cm, Mindeſtmaß 10:7 cm. Wegen
8037 2479 9436 2529 der Poſtkarten nach dem nicht feindlichen Auslande uſw. und der Poſt⸗
8037 2528 8804 2575 karten mit Abbildungen ſiehe unter 2.
8127 2566 9436 2629 4) Druckſachen, Geſchäftspapieren und Warenproben darf
8040 2618 9436 2667 weder ein Brief, noch eine Mitteilung beigefügt werden, die die Eigen⸗
8036 2663 9435 2720 ſchaft eigentlicher und perſönlicher Korreſpondenz hat. Verpackung
8039 2709 9433 2762 muß ſo beſchaffen ſein, daß der Inhalt leicht geprüft werden kann.
8037 2754 9434 2800 Warenproben dürfen keinen Handelswert haben. Auf ihrer Aufſchrift⸗
8036 2800 9434 2848 ſeite müſſen ſie die genaue Angabe des Inhalts und die Adreſſe des
8036 2846 9434 2895 Abſenders tragen. Sonſt ſind nur noch die folgenden handſchriftlichen
8033 2892 9432 2937 Vermerke zugelaſſen: Adreſſe des Empfängers, Fabrik⸗ oder Handels⸗
8036 2937 9433 2987 zeichen, Nummern, Preiſe und Angaben bezüglich des Gewichts, des Maßes,
8035 2983 9435 3033 der Ausdehnung, der verfügbaren Menge, der Herkunft und der Natur
8042 3029 9433 3078 der Ware. Druckſachen und Geſchäftspapiere, die an einer der Seiten
8040 3075 9433 3124 eine Ausdehnung von mehr als 45 cm haben, werden nicht befördert,
8034 3122 9432 3175 Druckſachen in Rollenform, deren Durchmeſſer 10 cm und deren
8034 3166 9433 3216 Länge 75 cm nicht überſteigt, ſind zuläſſig. Warenproben dürfen
8036 3211 9432 3262 30 cm Länge, 20 cm Breite und 10 cm Höhe, in Rollenform
8036 3257 9432 3307 30 cm Länge und 15 cm Durchmeſſer nicht überſchreiten. Im Ver⸗
8036 3303 9431 3355 kehr mit Oeſterreich⸗Ungarn nebſt Liechtenſtein und Bosnien⸗
8036 3347 9429 3399 Herzegowina ſind Geſchäftspapiere als Brief oder Paket zu verſenden.
8126 3395 9428 3450 5) Einſchreibſendungen. Briefſendungen aller Art (Briefe
8041 3439 9431 3496 Poſtkarten, Druckſachen, Geſchäftspapiere, Warenproben) können unter
8041 3487 9430 3538 Einſchreibung abgeſandt werden. Bei allen Einſchreibſendungen kann
8037 3532 9430 3583 Abſender Beſcheinigung über Zuſtellung der Sendung an den Empfänger
8040 3578 9426 3634 — Rückſchein — verlangen. Für Einſchreibſendungen beſteht Fran⸗
8039 3623 9424 3676 kierungszwang, doch ſind (wie im inneren Verkehr Deutſch⸗
8038 3668 9422 3719 lands) im Verkehr Deutſchlands mit Oeſterreich⸗Ungarn nebſt Liechten⸗
8032 3714 9428 3766 ſtein und Bosnien⸗Herzegowina Einſchreibbriefe und Poſtkarten auch
8031 3759 9427 3809 unfrankiert zuläſſig. Einſchreibſendungen gegen Rückſchein müſſen
8031 3808 8467 3854 ſtets frankiert werden.
6165 3889 8359 3969 Tarif für gewöhnliche und eingeſchriebene Briefſendungen.*)
5173 5203 6482 5249 *) Von der Beförderung ſind ausgeſchloſſen: Poſtſendungen
5089 5244 6480 5293 jeder Art nach allen deutſchen Schutzgebieten, nach Aegypten, Aethiopien,
5091 5295 6480 5339 Afghaniſtan und Beludſchiſtan, Belgiſch Kongo, Frankreich, Groß⸗
5090 5338 6480 5392 britannien und Italien nebſt ihren Kolonien und Poſtanſtalten im
5089 5384 6481 5435 Auslande, Japan nebſt den japaniſchen Poſtanſtalten in China uſw.,
5088 5431 6479 5480 Marokko (ausſchl. der ſpaniſchen Einflußzone und der in dieſer Zone ge⸗
5088 5476 6482 5527 legenen deutſchen Poſtanſtalten), Montenegro, Serbien und Portugal nebſt
5087 5521 6479 5573 ſeinen Kolonien; nach dem europäiſchen und aſiatiſchen Rußland (mit nach⸗
5087 5569 6478 5618 ſtehenden Ausnahmen), Finnland, den ruſſiſchen Poſtanſtalten im Aus⸗
5088 5614 6479 5670 lande; nach Tunis, Weſtafrika (ausgenommen die ſpaniſchen Beſitzungen).
5172 5662 6481 5710 Der gesamte Postverkehr nach Griechenland und nach der
5087 5705 6478 5756 Bukowina ist vorläufig eingestellt; außerdem unterliegt der Brief⸗
5089 5751 6479 5802 verkehr nach einer Anzahl Orte in Oeſterreich⸗Ungarn Be⸗
5088 5796 6206 5848 ſchränkungen, die bei den Poſtanſtalten zu erfragen ſind.
5170 5843 6481 5894 Im Verkehr mit Belgien ſind allgemein nur offene gewöhnliche
5085 5889 6478 5939 und eingeſchriebene Briefſendungen zuläſſig. Gebühren wie nach
5082 5934 6477 5985 dem Auslande. Die zum Briefverkehr zugelaſſenen Orte und gewiſſe Be⸗
5088 5980 6478 6031 ſchränkungen für einen Teil Belgiens ſind bei den Poſtanſtalten zu erfragen.
5170 6026 6480 6077 Im Verkehr mit dem Generalgouvernement Warſchau
5084 6072 6480 6122 und dem Poſtgebiet des Oberbefehlshabers Oſt ſind offene
5086 6117 6480 6168 gewöhnliche und eingeſchriebene Briefſendungen, im Verkehr
5084 6163 6480 6216 mit dem zum öſterreichiſchen Verwaltungsgebiet gehörenden General⸗
5084 6208 6478 6256 gouvernement Lublin nur offene gewöhnliche (nicht ein⸗
5084 6253 6479 6305 geſchriebene) Briefſendungen zuläſſig. Gebühren wie im inneren
5084 6297 6480 6350 deutſchen Verkehr. In der Aufſchrift der Sendungen nach Orten ohne
5083 6344 6479 6398 Poſtanſtalt iſt der Poſtort anzugeben, von dem ſie abgeholt werden
5083 6387 6481 6442 ſollen; außerdem iſt bei Sendungen nach dem Generalgouvernement
5082 6434 6480 6487 Warſchau noch der Name des Kreiſes und auf den Sendungen nach
5082 6481 6481 6532 dem Poſtgebiet des Oberbefehlshabers Oſt Name und Wohnung des
5083 6526 6482 6578 Abſenders anzugeben. (Wegen ſonſtiger Beſchränkungen ſiehe unter
5081 6574 5866 6622 Verſendungsbedingungen 1). 3. Abſatz.)
5170 6616 6482 6672 **) Die ermäßigten Taxen erſtrecken ſich nur auf Briefe. Die Nachbar⸗
6559 5197 7954 5249 orte, auf welche der Geltungsbereich der Ortstaxe ausgedehnt worden iſt,
6556 5243 7954 5297 ſind aus dem Poſtbericht im Schalterraum der Poſtanſtalten zu erſehen.
6651 5290 7954 5344 ***) Gegenüber Dänemark, den Niederlanden und der Schweiz im
6557 5334 7952 5385 Grenzbezirk (30 km) ermäßigte Taxe für Briefe, 10 Pf. für je 20 g,
6555 5381 7952 5433 dazu vom 1. August ab 5 Pf. Reichsabgabe, mit Dänemark ferner im
6556 5427 7630 5475 Grenzverkehr Mindeſttaxe für Geſchäftspapiere 10 Pf.
6648 5472 7950 5529 f) Für Blindenſchriftſendungen des inneren deutſchen Verkehrs
6555 5517 7947 5565 und im Verkehr zwiſchen Deutſchland und Oeſterreich, Bosnien⸗
6552 5562 7952 5613 Herzegowina und Liechtenſtein (nicht auch Ungarn) beträgt die ermäßigte
6554 5604 7952 5655 Gebühr: bis 50 g 3 Pf., über 50 bis 100 g 5 Pf., über 100 g bis 1 kg
6555 5653 7886 5706 10 Pf., über 1 kg bis 2 kg 20 Pf., über 2 kg bis 3 kg 30 Pf.
6643 5699 7951 5751 **) In der ſpaniſchen Einflußzone von Marokko liegen die
6552 5744 7695 5796 deutſchen Poſtanſtalten Alkaſſar, Arſila, Laraſch, Tetuan.
6643 5791 7944 5840 Zuſammenpacken von Druckſachen, Geſchäftspapieren und
6551 5833 7947 5888 Warenproben zuläſſig: a. im inneren deutſchen Verkehr und im Ver⸗
6552 5881 7949 5932 kehr mit Luxemburg bis 1 kg: Taxe wie für Geſchäftspapiere; b. im
6553 5926 7948 5978 Verkehr mit Oeſterreich⸗Ungarn (nur Druckſachen und Warenproben)
6553 5972 7948 6024 bis 350 g: Taxe wie für Warenproben; c. im Verkehr mit den
6553 6017 7950 6069 deutſchen Poſtanſtalten in China und Marokko und mit den übrigen
6552 6062 7947 6115 Ländern bis 2 kg: Taxe 5 Pf. für je 50g, jedoch mindeſtens 10 Pf.,
6551 6109 7948 6160 wenn die Sendung nur Druckſachen und Warenproben, mindeſtens
6552 6155 7388 6207 20 Pf., wenn ſie Geſchäftspapiere enthält.
6646 6199 7945 6254 Unfrankierte Briefe des Orts⸗ und Nachbarortsverkehrs
6552 6245 7947 6295 koſten 10 Pf., vom 1. August ab 15 Pf. Porto; für unfrankierte Briefe
6552 6288 7947 6342 des übrigen inneren deutſchen Verkehrs, des Verkehrs mit Luxemburg und
6553 6335 7947 6387 Oeſterreich⸗Ungarn einſchließlich Bosnien⸗Herzegowina und Liechtenſtein
6549 6379 7947 6431 wird ein Portozuſchlag von 10 Pf., ohne Unterſchied des Gewichts des
6551 6430 7947 6478 Briefes erhoben. Im ſonſtigen Verkehr unterliegen unfrankierte
6554 6472 7946 6525 Briefe dem doppelten Betrage des Portos; jedoch wird die vom
6555 6519 7945 6566 1. August ab zu erhebende Reichsabgabe bei unfrankierten Briefen
6556 6565 7947 6609 des Grenzverkehrs mit Dänemark, den Niederlanden und der Schweiz
6556 6610 7948 6660 in Deutschland nur zum einfachen Satze erhoben. Für unfrankierte
8029 5196 9420 5242 Poſtkarten wird ſtets der doppelte Betrag des Portos erboden.
8027 5242 9419 5289 Unfrankierte Druckſachen, Geſchäftspapiere und Warenproben
8028 5290 8489 5335 werden nicht abgeſandt.
8113 5333 9415 5382 Einſchreibgebühr allgemein 20 Pf., Rückſcheingebühr all⸗
8021 5377 9416 5431 gemein 20 Pf. (Rückſcheine nach dem Vereinsausland nicht zuläſſig).
8015 5422 8587 5471 Eilbeſtellung zugelaſſen:
8116 5465 9416 5518 1) nach dem Orts⸗ und Landbeſtellbezirk des Aufgabe⸗Poſtorts bei ge⸗
8024 5502 9425 5564 wöhnlichen Briefſendungen [Gebühr nach dem Ortsbeſtellbezirk 25 Pf.,
8025 5561 9418 5610 nach dem Landbeſtellbezirk die wirklichen Botenkoſten, mindeſtens 25 Pf.].
8109 5608 9413 5656 2) nach anderen Orten in Deutſchland bei gewöhn⸗
8022 5654 9416 5702 lichen und eingeſchriebenen Brieſſendungen [Gebühr nach Poſtorten
8020 5696 9416 5751 25 Pf., nach Orten ohne Poſtanſtalten bei Vorausbezahlung 60 Pf.].
8108 5742 9413 5795 3) nach Luxemburg und Oeſterreich⸗Ungarn mit
8021 5786 9414 5842 Liechtenſtein allgemein [Gebühr 25 Pf. — nach Ungarn 50 Pf. —
8022 5827 9416 5882 muß vorausbezahlt werden; für Sendungen nach dem Landbeſtell⸗
8022 5879 9412 5927 bezirke wird Ergänzungsgebühr eingezogen], nach Bosnien⸗
8021 5924 9412 5976 Herzegowina nur nach Poſtorten [Gebühr 25 Pf. ſtets vorauszuzahlen],
8108 5970 9412 6020 4) nach Orten mit deutſcher Poſtanſtalt in
8022 6016 9415 6065 China und nach: Belgien (nur nach den zum Briefverkehr
8020 6062 9418 6112 zugelaſſenen Orten), Bolivien (nur nach La Paz, Sucre, Oruro)
8021 6101 9413 6155 Dänemark mit Grönland, Faröer, Island (nur nach Poſtorten).
8020 6149 9413 6201 Niederlande, Norwegen (nur nach beſtimmten Orten), Schweden (nach
8020 6196 9416 6247 allen Poſtorten mit Beſtelldienſt), Schweiz und einer Anzahl außereuro⸗
8017 6242 9413 6297 päiſcher Länder. (Gebühr 25 Pf. ſtets vorauszuzahlen; nach Orten ohne
8021 6257 9413 6339 Poſtanſtalt (ſoweit zuläſſig) werden die üblichen Eilbeſtellgebühren,
8020 6334 9412 6384 unter Anrechnung der vorausgezahlten 25 Pf., vom Empfänger erhoben.)
8103 6375 9410 6426 Antwortſcheine. Im Verkehr mit einer Anzahl von fremden
8013 6423 9410 6474 Ländern kann der Abſender eines Briefes das Porto für die Antwort
8015 6468 9409 6520 durch Ueberſendung eines Antwortſcheines an den Empfänger im
8015 6515 9408 6567 voraus bezahlen. Zu dieſem Zwecke werden internationale Antwort⸗
8015 6559 9412 6613 ſcheine zum Preiſe von 30 Pf. für das Stück bei beſtimmten Poſt⸗
8015 6605 8811 6658 anſtalten zum Verkaufe bereit gehalten.
5248 4115 5575 4163 Gegenſtand
5093 4363 5290 4416 Briefe
5095 4517 5411 4566 Poſtkarten
5094 4691 5479 4743 Druckſachen†)
5091 4934 5623 4987 Geſchäftspapiere
5085 5119 5498 5172 Warenproben
6169 4024 6376 4074 Inland
6537 4088 6649 4125 Porto
5927 4153 6168 4202 Gewichtſtufe
5951 4304 6129 4352 bis 20 g
5878 4352 6200 4398 über 20 — 250 g
5754 4396 6322 4441 im Orts⸗ und Nachbarorts⸗
5831 4444 6247 4490 verkehr**) bis 250 g
5969 4503 6116 4549 einfache
5897 4545 6166 4594 mit Antwort
5949 4606 6124 4653 bis 50 g
5872 4651 6212 4700 über 50 — 100 g
5898 4700 6212 4746 „ 100 — 250 g
5898 4746 6211 4790 „ 250 — 500 g
5817 4790 6258 4837 über 500 g bis 1 kg
5942 4893 6144 4938 bis 250 g
5861 4939 6208 4986 über 250 — 500 g
5815 4985 6254 5032 über 500 g bis 1 kg
5929 5101 6141 5144 bis 250 g
5859 5147 6210 5193 über 250 — 500 g
6454 4145 6507 4181 bis
6397 4191 6556 4228 31. Juli
6452 4229 6500 4280 ₰
6454 4308 6497 4344 10
6452 4354 6496 4390 20
6472 4440 6497 4490 5
6470 4495 6495 4546 5
6449 4542 6498 4593 10
6473 4601 6495 4651 3
6472 4646 6495 4696 5
6449 4690 6494 4740 10
6446 4736 6495 4787 20
6446 4781 6497 4832 30
6446 4886 6495 4937 10
6447 4932 6494 4982 20
6447 4980 6493 5031 30
6448 5102 6492 5138 10
6446 5147 6492 5184 20
6664 4136 6748 4187 vom
6597 4181 6796 4232 1. Aug. ab
6678 4228 6725 4279 ₰
6676 4297 6725 4347 15
6671 4345 6727 4396 25
6698 4437 6770 4489 7 ½
6699 4495 6770 4548 7 ½
6671 4541 6722 4592 15
6694 4597 6721 4648 3
6698 4645 6720 4695 5
6671 4688 6722 4738 10
6667 4736 6722 4786 20
6670 4781 6721 4831 30
6673 4896 6720 4929 10
6667 4930 6718 4980 20
6670 4989 6719 5022 30
6671 5104 6718 5136 10
6665 5137 6718 5187 20
6834 4050 7656 4096 Deutſche Poſtanſtalten in China und der
6859 4106 7630 4154 ſpaniſchen Einflußzone von Marokko† †)
7019 4209 7258 4257 Gewichtſtufe
7037 4325 7216 4372 bis 20 g
6907 4372 7358 4419 für jede weiteren 20 g
6935 4416 7326 4464 (ohne Meiſtgewicht)
7062 4498 7200 4544 einfache
7002 4543 7259 4584 mit Antwort
7015 4672 7243 4718 für je 50 g
6925 4712 7328 4770 (Meiſtgewicht 2 kg)
7011 4913 7241 4955 für je 50 g
6923 4956 7325 5006 (Meiſtgewicht 2 kg)
7007 5099 7235 5145 für je 50 g
6912 5141 7335 5191 (Meiſtgewicht 350 g)
7504 4180 7618 4230 Porto
7538 4226 7581 4276 ₰
7533 4321 7577 4371 20
7535 4367 7581 4417 10
7538 4500 7580 4537 10
7535 4547 7579 4583 20
7552 4668 7579 4718 5
7553 4901 7574 4936 5
7472 4945 7638 4977 mindeſtens
7530 4982 7574 5018 20
7447 5096 7654 5134 5 mindeſtens
7528 5141 7571 5178 10
7697 4016 8517 4063 Luxemburg, Oeſterreich⸗Ungarn mit
7694 4061 8509 4109 Bosnien⸗Herzegowina und Liechtenſtein
7767 4119 8425 4153 (vom 1. August ab die erhöhten deutschen
7872 4154 8320 4187 Inlandstaxen, siehe Spalte 4)
7878 4211 8120 4258 Gewichtſtufe
7900 4349 8085 4393 bis 20 g
7830 4395 8155 4442 über 20 — 250 g
7923 4500 8066 4547 einfache
7864 4546 8119 4586 mit Antwort
7897 4604 8083 4650 bis 50 g
7818 4649 8166 4696 über 50 — 100 g
7845 4690 8168 4746 „ 100 — 250 g
7846 4736 8169 4792 „ 250 — 500 g
7768 4788 8215 4834 über 500 g bis 1 kg
7831 4844 8147 4891 nach Luxemburg
7883 4885 8094 4936 bis 250 g
7813 4930 8165 4981 über 250 — 500 g
7763 4982 8213 5027 über 500 g bis 1 kg
7717 5025 8484 5074 nach Oeſterreich⸗Ungarn nicht zuläſſig
7878 5094 8088 5143 bis 250 g
7806 5136 8156 5188 über 250 — 350 g
8372 4187 8485 4233 Porto
8405 4225 8450 4276 ₰
8404 4349 8449 4386 10
8403 4396 8448 4433 20
8424 4492 8446 4542 5
8400 4538 8450 4588 10
8426 4597 8447 4647 3
8422 4641 8447 4691 5
8399 4687 8450 4737 10
8398 4733 8447 4783 20
8398 4780 8449 4832 30
8397 4882 8447 4933 10
8396 4929 8445 4980 20
8397 4974 8446 5026 30
8392 5098 8437 5134 10
8390 5144 8437 5180 20
8849 4071 9175 4117 Ausland***)
8744 4208 8983 4255 Gewichtſtufe
8769 4323 8947 4370 bis 20 g
8627 4369 9096 4416 für jede weiteren 20 g
8658 4414 9055 4462 (ohne Meiſtgewicht)
8788 4496 8932 4542 einfache
8728 4542 8982 4582 mit Antwort
8736 4662 8969 4712 für je 50 g
8648 4709 9068 4762 (Meiſtgewicht 2 kg)
8736 4901 8970 4954 für je 50 g
8644 4948 9065 5003 (Meiſtgewicht 2 kg)
8738 5094 8968 5141 für je 50 g
8645 5135 9067 5187 (Meiſtgewicht 350 g)
9245 4177 9363 4228 Porto
9290 4224 9338 4274 ₰
9285 4316 9339 4367 20
9290 4372 9337 4408 10
9286 4491 9336 4541 10
9287 4544 9334 4581 20
9306 4662 9334 4713 5
9302 4886 9330 4938 5
9220 4934 9389 4971 mindeſtens
9281 4971 9332 5016 20
9193 5096 9400 5131 5 mindeſtens
9284 5142 9330 5178 10
