10120 7680
1218 436 1281 484 § 4
706 478 2036 531 Die Verordnung tritt mit dem Tage der Verkündung in Kraft.
624 523 2038 574 Sie bleibt in Geltung bis ſpäteſtens zum 31. März 1924. Einen
627 571 2037 619 früheren Zeitpunkt des Außerkrafttretens beſtimmt der Bundesrat.
626 617 2037 664 Die Landeszentralbehörde beſtimmt, wann und wie die nach §§ 1
627 665 2040 710 und 2 gebildeten Verbände nach Außerkrafttreten der Verordnung
627 708 885 757 aufzulöſen ſind.
671 767 1309 821 Berlin, den 7. November 1918.
1066 842 1465 895 Der Reichskanzler.
1001 895 1550 948 In Vertretung: Bauer.
811 1062 1826 1113 Abänderung der Beſtimmungen
634 1121 2044 1176 der Riemen⸗Freigabe⸗Stelle für die Herſtellung und
633 1174 2047 1224 den Vertrieb von Treibriemen und ſonſtigen unter
635 1224 2046 1279 die Zuſtändigkeit der Riemen⸗Freigabe⸗Stelle
1018 1279 1526 1331 fallenden Artikeln.
735 1352 2046 1404 Die auf Grund der Bekanntmachung, betreffend Aus⸗
638 1403 2046 1457 führungsbeſtimmungen zu der Verordnung über den Verkehr
638 1454 2047 1506 mit Treibriemen, vom 17. Januar 1918 (Reichs⸗Geſetzblatt
639 1507 2045 1560 Seite 35) und der Bekanntmachung über Auskunftspflicht vom
636 1558 2046 1612 12. Juli 1917 (Reichs⸗Geſetzblatt Seite 604) erlaſſenen Be⸗
635 1608 2047 1661 ſtimmungen der Riemen⸗Freigabe⸗Stelle für die Herſtellung
633 1662 2044 1713 und den Vertrieb von Treibriemen und ſonſtigen unter die
634 1713 2048 1766 Zuſtändigkeit der Riemen⸗Freigabe Stelle fallenden Artikeln
636 1765 2044 1818 vom 26. Februar 1918 erhalten nachſtehende Abänderungen:
722 1816 2043 1865 1) Im § 5 wird folgende Beſtimmung als zweiter Abſatz ein⸗
634 1864 814 1910 geſchoben:
717 1907 2043 1956 Die Riemen⸗Freigabe⸗Stelle kann das Recht zur Ausſtellung
634 1955 2047 2002 von Bezugsſcheinen auf Zweigniederlaſſungen, Beratungsſtellen oder
631 2000 2045 2048 andere unter ihrer Aufſicht ſtehende Organe ganz oder teilweiſe über⸗
630 2050 750 2095 tragen.
718 2093 1133 2142 Abſatz 2 wird Abſatz 3.
713 2137 1717 2188 2) Der § 6 erhält als Abſatz 4 folgenden Zuſatz:
716 2184 2043 2232 Keines Bezugsſcheins bedarf die Abgabe von Waſſerleitungs⸗
633 2230 2045 2278 ſcheiben ſeitens der dafür von der Riemen⸗Freigabe⸗Stelle zugelaſſenen
632 2276 2047 2324 Händler an Inſtallateure, Hausbeſitzer und ſonſtige Verbraucher,
632 2323 2046 2370 ſofern die dafür getroffenen beſonderen Vorſchriften eingehalten
631 2373 767 2412 werden.
717 2411 1635 2462 3) Der § 8 Abſatz 2 erhält folgende Faſſung:
716 2460 2046 2507 Die Bezugsſcheine werden, ſo weit ſie nicht auf Treibriemen uſw.
633 2507 2045 2551 aus Leder oder auf techniſche Lederartikel lauten, mit einem abtrenn⸗
633 2553 2046 2600 baren Abſchnitt hergeſtellt, auf dem der Name des Verbrauchers ein⸗
632 2599 871 2645 getragen wird.
712 2643 1697 2692 Im § 18 lautet der Abſatz 2 künftig wie folgt:
714 2691 2043 2739 Die Lieferung und Berechnung hat bei Bezugsſcheinen mit an⸗
633 2736 2045 2784 hängendem Abſchnitt an denjenigen zu erfolgen, auf den der Bezugs⸗
632 2783 2045 2831 ſchein ausgeſtellt iſt, bei abgetrenntem Abſchnitt an denjenigen
632 2828 1598 2877 Händler, von dem der Bezugsſchein eingereicht iſt.
711 2875 2046 2922 4) Im § 16 unter d treten an die Stelle der Worte
636 2921 1848 2969 „20 Pfennig Gebühren“ die Worte „30 Pfennig Gebühren“.
713 2965 2043 3016 Im § 21 Abſatz 1 treten an die Stelle der Worte „20 Pfennig
632 3012 1532 3061 Gebühren“ die Worte „30 Pfennig Gebühren“.
725 3070 2045 3123 Vorſtehende Aenderungen treten am 1. Dezember 1918
633 3122 805 3174 in Kraft.
727 3185 1403 3238 Berlin, den 11. November 1918.
1019 3259 1545 3313 Riemen⸗Freigabe⸗Stelle.
1105 3313 1429 3366 Fr. Hupfeld.
734 3533 2051 3585 Die von heute ab zur Ausgabe gelangende Nummer 150
640 3585 1573 3637 des „Reichs⸗Geſetzblatts“ enthält unter
735 3635 2054 3689 Nr. 6521 eine Verordnung über Kunſthonig, vom 8. No⸗
641 3688 1018 3736 vember 1918, unter
736 3739 2050 3791 Nr. 6522 eine Bekanntmachung, betreffend Aenderung der
638 3790 2052 3843 Ausführungsbeſtimmungen vom 10. und 27. Oktober 1916 zu
637 3843 2050 3893 der Verordnung über Rohtabak, vom 8. November 1918, und
636 3895 736 3937 unter
732 3945 2051 3997 Nr. 6523 eine Bekanntmachung über die Bildung von
636 3997 1631 4050 Wohnungsverbänden, vom 7. November 1918.
736 4062 1534 4114 Berlin W. 9, den 9. November 1918.
995 4137 1577 4189 Poſtzeitungsamt. Krüer.
1102 4363 1433 4416 Preußen.
795 4448 1857 4501 An die Einwohner und Soldaten
1055 4500 1498 4553 Groß Berlins!
732 4562 2051 4613 Der von den Arbeiter⸗ und Soldatenräten Groß Berlins
640 4614 2051 4669 gewählte Vollzugsrat des Arbeiter⸗ und Soldatenrats hat ſeine
640 4669 1101 4721 Tätigkeit aufgenommen.
735 4717 2053 4770 Alle kommunalen, Landes⸗, Reichs⸗ und Militärbehörden
639 4767 2053 4825 ſetzen ihre Tätigkeit fort. Alle Anordnungen dieſer Behörden
641 4821 2052 4876 erfolgen im Auftrage des Vollzugsrats des Arbeiter⸗ und
639 4873 2053 4926 Soldatenrats. Jedermann hat den Anordnungen dieſer Be⸗
639 4928 1098 4981 hörden Folge zu leiſten.
737 4975 2050 5027 Alle ſeit Beginn der Revolution im Bereiche Groß Berlins
640 5028 2054 5083 proviſoriſch gebildeten Körperſchaften auch ſolche, die den Namen
640 5080 2054 5132 Arbeiter⸗ und Soldatenrat führen und beſtimmte Verwaltungs⸗
640 5131 1918 5186 maßnahmen ausgeführt haben, treten ſofort außer Kraft.
736 5184 2055 5236 Alle weiteren Anordnungen und Verfügungen werden von
641 5234 2053 5290 den zuſtändigen zivilen und militäriſchen Stellen ſchnellſtens
642 5291 935 5339 erlaſſen werden.
734 5337 2054 5392 Alle Bekanntmachungen und Verfügungen des Vollzugs⸗
636 5389 2054 5444 rats werden von den beiden Vorſitzenden Richard Müller und
637 5446 1352 5499 von Beerfelde unterzeichnet werden.
773 5504 1886 5560 Der Vollzugsrat des Arbeiter⸗ und Soldatenrats:
636 5555 2053 5612 Emil Barth, von Beerfelde, Bergmann, Felix Bernhagen, Otto
635 5607 2053 5665 Braun, Franz Buchel, Cohen, Erich Däumig, Heinrich Denecke,
635 5660 2053 5714 Paul Eckert, Chr. K. Finzel, Gelberg, Guſtav Gerhardt,
634 5711 2052 5767 Gierth, Guſtav Heller, Ernſt Jülich, Georg Ledebour, Maynitz,
632 5762 2054 5817 Brutus Molkenbuhr, Richard Müller, Paul Neuendorf, Hans
634 5813 2054 5873 Paaſche, Walter Portner, Colin Roß, Oskar Ruſch, Otto
937 5869 1635 5922 Strobel, Waltz, P. Wegmann.
725 6018 2049 6078 Es ſind verſchiedentlich Aufrufe mit der Unterſchrift des
629 6071 2050 6127 A.⸗ und S.⸗Rats unberechtigterweiſe veröffentlicht worden.
629 6122 2049 6183 Aufrufe des A.⸗ und S.⸗Rats, die nicht die Unterſchriften
628 6174 2049 6234 von Beerfelde und Richard Müller tragen, ſind bis auf
628 6225 2046 6286 weiteres nur noch auf dem Gebiet des Ernährungsweſens
627 6287 791 6339 geſtattet.
720 6345 1386 6400 Berlin, den 11. November 1918.
846 6419 1730 6474 Der Vollzugsrat des A.⸗ und S.⸗Rats.
755 6478 1882 6538 J. A.: von Beerfelde. Richard Müller.
2436 430 2998 486 Arbeiter! Bürger!
2242 481 3640 545 Die Lebensmittelverſorgung Groß Berlins darf
2123 550 2616 600 nicht geſtört werden
2247 589 3641 644 Die Lebensmittelvorräte und Lebensmittelkartenverteilungs⸗
2127 646 3188 701 ſtellen unterſtehen dem Schutze des Volkes.
2248 686 3643 754 Sämtliche gemeinnützigen Einrichtungen, wie Gas⸗, Waſſer⸗
2128 741 3643 806 und Elektrizitätswerke, Sparkaſſen und andere öffentliche Kaſſen,
2129 794 3643 856 ebenſo die Verkehrsmittel werden ebenfalls dem Schutze des
2128 857 2564 905 Volkes unterſtellt.
2250 894 3643 956 Der Volksausſchuß zum Schutze der gemeinnützigen Ein⸗
2130 944 3641 1009 richtungen von Groß Berlin wird dieſe Einrichtungen durch
2130 1001 3643 1062 Beauftragte beſchützen. Die geſchützten Einrichtungen werden
2129 1059 2931 1115 durch Plakate kenntlich gemacht.
2252 1102 3642 1163 Die Beauftragten ſind mit roten Armbinden mit dem
2131 1153 3644 1218 Aufdruck „Volksausſchuß“ verſehen. Sie führen außerdem
2130 1203 3643 1270 Legitimationskarten. In ihrer Tätigkeit werden ſie durch
2130 1261 3494 1322 Abgeordnete des Arbeiter⸗ und Soldatenrats unterſtützt.
2252 1308 3644 1370 Die Bürgerſchaft wird gebeten, die Beauftragten des
2129 1365 3372 1422 Volksausſchuſſes in ihrer Tätigkeit zu unterſtützen.
2249 1430 3035 1486 Berlin, den 9. November 1918.
2436 1490 3379 1544 Der Bevollmächtigte des Reichskanzers
2525 1544 3293 1595 und des Miniſters des Innern.
2675 1606 3146 1658 Der Volksausſchuß.
2159 1651 3620 1715 Eugen Ernſt. Saſſenbach. Leid. Paul Hirſch.
2776 1723 3072 1766 Soldatenrat.
2403 1770 3397 1827 Baumann. Gelberg. Herthel.
2319 1832 3475 1892 Gewerkſchaftskommiſſion Berlin und Umgegend.
2804 1888 3030 1939 Körſten.
2245 2036 3541 2098 Miniſterium für Handel und Gewerbe.
2250 2113 3651 2171 Die am 3. Oktober 1917 über die Firma Herings⸗Export
2131 2167 3652 2222 „Seld“ G. m. b. H., in Königsberg i. Pr. angeordnete
2130 2220 3148 2279 Zwangsverwaltung iſt aufgehoben.
2249 2285 3044 2338 Berlin, den 8. November 1918.
2418 2345 3392 2399 Der Miniſter für Handel und Gewerbe.
2677 2400 3150 2452 J. A.: Neuhaus.
2261 2550 3537 2609 (Fortſetzung des Amtlichen in der Erſten Beilage.)
2646 2792 3176 2871 Nichtamtliches.
2339 2915 3470 2972 Preußen. Berlin, 12. November 1918.
2251 2988 3652 3045 Die Waffenſtillſtandsbedingungen ſind laut Mel⸗
2129 3043 3392 3100 dung des „Wolffſchen Telegraphenbüros“ folgende:
2622 3119 3207 3165 A. Auf der Weſtfront.
2242 3175 3654 3227 1) Einſtellung der Feindſeligkeit zu Lande und in der Luft
2130 3222 3359 3273 6 Stunden nach Unterzeichnung des Waffenſtillſtandes.
2235 3266 3651 3318 2) Sofortige Räumung der beſetzten Gebiete (Belgien, Frank⸗
2129 3313 3652 3365 reich, Elſaß⸗Lothringen und Luxemburg). Sie iſt ſo zu regeln, daß
2129 3359 3650 3410 ſie in einem Zeitraum von 14 Tagen nach Zeichnung des Waffen⸗
2131 3406 3652 3457 ſtillſtandes durchgeführt iſt. Die deutſchen Truppen, welche d e er⸗
2130 3451 3649 3503 wähnten Gebiete in dem feſtgeſetzten Zeitraum nicht geräumt haben,
2132 3497 3656 3549 werden zu Kriegsgefangenen gemacht. Die geſamte Beſetzung dieſer
2134 3545 3653 3594 Gebiete durch die Truppen der Verbündeten und der Vereinigten
2135 3591 3654 3640 Staaten wird den Fortſchritten der Räumung folgen. Alle
2136 3637 3654 3685 Räumungs⸗ und Beſetzungsbewegungen ſind durch die Zuſatznote
2135 3683 3652 3735 Nr. 1 geregelt (feſtgeſetzt im Augenblick der Zeichnung des Waffen⸗
2134 3733 2394 3777 ſtillſtandes).
2243 3774 3650 3822 3) Alle Einwohner der oben aufgezählten Länder (einſchließlich
2135 3822 3648 3870 die Geiſeln, die im Anklagezuſtande Befindlichen und bereits Ver⸗
2135 3867 3648 3917 urteilten) werden in ihre Heimat zurückgeführt. Dieſe Rückführung
2136 3914 3648 3962 beginnt ſofort und muß in einem Zeitraum von 14 Tagen be⸗
2138 3964 2367 4006 endet ſein.
2240 4006 3647 4054 4) Die Deutſchen überlaſſen folgendes Kriegsmaterial in gutem
2137 4053 3647 4100 Zuſtand: 5000 Kanonen (davon 2500 ſchwere und 2500 Feld⸗
2134 4099 3650 4151 geſchütze), 30 000 Maſchinengewehre, 3000 Minenwerfer, 2000 Jagd⸗
2135 4145 3649 4192 und Bombenabwurfflugzeu e. In erſter Linie alle Apparate D⸗7
2136 4191 3647 4238 und alle für nächtlichen Bombenabwurf beſtimmten Flugzeuge. Dies
2136 4237 3648 4284 Material iſt den Truppen der Verbündeten und der Vereinigten
2136 4284 3645 4332 Staaten nach den durch die Zuſatznote Nr. 1 feſtgelegten Einzel⸗
2137 4330 3648 4377 beſtimmungen an Ort und Stelle auszuliefern. (Die Note wird im
2144 4376 3436 4424 Augenblick der Zeichnung des Waffenſt llſtandes feſtgeſetzt.)
2242 4422 3649 4469 5) Räumung des linken Rheinufers durch die deutſchen
2138 4467 3649 4515 Armeen. Das linke Rheinufer wird durch die örtlichen Behörden
2140 4514 3649 4560 unter Aufſicht der Beſetzungstruppen der Verbündeten und der Ver⸗
2136 4560 3648 4608 einigten Staaten verwaltet. Die Truppen der Verbündeten und
2138 4606 3647 4655 Vereinigten Staaten werden die Beſetzung dieſer Gebiete ſichern, in⸗
2135 4652 3648 4700 dem ſie die hauptſächlichſten Rheinübergänge (Mainz, Coblenz, Cöln)
2136 4699 3652 4748 inbegriffen je eines Brückenkopfes von 30 km Durchmeſſer auf dem
2135 4745 3649 4792 rechten Ufer und außerdem die ſtrategiſchen Punkte des Gebietes be⸗
2136 4790 3648 4838 ſetzen. Auf dem rechten Rheinufer wird eine neutrale Zone ge⸗
2135 4837 3650 4884 ſchaffen: ſie verläuft zwiſchen dem Fluß und einer öſt⸗
2138 4883 3649 4930 lich dieſes Fluſſes gezogenen Linie. Dieſe Linie verläuft von
2135 4928 3649 4974 der holländiſchen Grenze bis zur Parallele von Gerns⸗
2138 4975 3649 5022 heim 40 km, von da an bis zur Schweizer Grenze nur 30 km öſtlich
2136 5021 3650 5068 des Fluſſes. Die Räumung dieſer rheiniſchen Gebiete (auf dem
2135 5067 3653 5115 linken und rechten Ufer) wird ſo geregelt, daß ſie in einem Zeitraum
2135 5113 3648 5164 von weiteren 11 Tagen durchgeführt iſt, alſo im ganzen in 25 Tagen
2136 5159 3648 5207 nach Unterzeichnung des Waffenſtillſtandes. Alle Räumungs⸗ und Be⸗
2137 5206 3647 5254 ſetzungsbewegungen werden durch die Zuſatznote Nr. 1 geregelt (feſt⸗
2137 5252 3647 5301 geſetzt im Moment der Zeichnung des Waffenſtillſtandes).
2137 5297 3648 5348 In allen vom Feinde geräumten Gebieten iſt die Fort⸗
2139 5343 3651 5392 führung von Einwohnern unterſagt. Dem Eigentum der
2137 5389 3648 5439 Einwohner darf kein Schaden oder Nachteil zugefügt werden. Zer⸗
2140 5435 3649 5487 ſtörungen irgendwelcher Art werden nicht ausgeführt. Militäriſche
2138 5480 3650 5531 Einrichtungen jeder Art werden in unverſehrtem Zuſtande aus⸗
2137 5526 3646 5579 geliefert, ebenſo alle militäriſchen Vorräte, Lebensmittel, Munition,
2136 5573 3650 5627 Ausrüſtungsſtücke, die nicht in dem für die Räumung feſtgeſetzten
2136 5619 3652 5671 Zeitraum haben mitgeführt werden können. Alle für die Zivil⸗
2135 5663 3650 5720 bevölkerung beſtimmten Lebensmittelvorräte jeder Art (Vieh uſw.)
2136 5711 3651 5764 müſſen an Ort und Stelle belaſſen werden. Induſtrielle Anlagen
2136 5757 3650 5810 dürfen keine Schädigung erleiden, ihr Perſonal darf nicht gewechſelt
2135 5806 2299 5846 werden.
2242 5849 3651 5899 7) Die Verkehrswege und ⸗mittel jeder Art, Eiſenbahnen, Schiff⸗
2135 5895 3649 5947 fahrtswege, Straßen, Brücken, Telegraphen⸗ und Telephonleitungen
2135 5941 3648 5992 dürfen keinerlei Beſchädigungen erleiden, das ſämtliche zivile und
2134 5988 3648 6038 militäriſche Perſonal, das augenblicklich an ihnen verwendet wird, iſt
2134 6033 3649 6087 dort zu belaſſen. In dem für die Räumung Belgiens und Luxem⸗
2134 6079 3646 6133 burgs feſtgeſetzten Zeitraum ſind den verbündeten Mächten auszu⸗
2130 6124 3647 6177 liefern: 5000 gebrauchsfertige Lokomitiven, 150 000 Eiſenbahnwagen,
2132 6171 3649 6222 10 000 Laſtkraftwagen, ſämtlich in benutzbarem Zuſtand ſowie mit
2129 6216 3646 6269 allen Reſerveſtücken und dem nötigen Gebrauchsgerät, ausgeſtattet.
2132 6263 3646 6316 Die elſaß⸗lothringiſchen Bahnen mit ſämtlichem organiſch zu
2130 6309 3647 6361 ihnen gehörenden Perſonal und Material ſind in demſelben Zeitraum
2130 6355 3646 6406 auszuliefern. Außerdem iſt das für den Eiſenbahnverkehr auf dem
2130 6400 3646 6453 linken Rheinufer notwendige Material an Ort und Stelle zu be⸗
2130 6445 3644 6499 laſſen. Sämtliche Vorräte an Kohlen und Betriebsmaterial, Schienen,
2128 6491 3643 6545 Signalgeräte, Ateliermaterial, ſind an Ort und Stelle zu laſſen und
2127 6538 3646 6592 während der ganzen Dauer des Waffenſtillſtandes von Deutſchland
2127 6584 3645 6640 vollzählig und in gutem Zuſtande zu unterhalten. Sämtliche den
3714 391 5078 456 Verbündeten abgenommenen Laſttähne ſind ihnen zurückzugeben. Die
3710 436 4829 510 Zuſatznote 2 regelt die Einzelheiten dieſer Maßnahmen.
3798 493 5078 560 8) Die deutſche Führung verpflichtet ſich, innerhalb
3713 540 5081 607 48 Stunden nach Zeichnung des Waffenſillſtandes alle Minen oder
3713 588 5080 653 Sprengvorrichtungen mit Verzögerung, die von den deutſchen Truppen
3713 634 5077 699 in den geräumten Gebieten gelegt worden ſind, zu bezeichnen und
3712 678 5080 744 ihre Auffindung und Zerſtörung zu erleichtern. Sie wird außerdem
3713 725 5083 793 ſämtliche ſchädlichen Maßnahmen, die getroffen ſein könnten, angeben
3713 772 5081 840 (z. B. Vergiftung oder Verunreinigung der Quellen uſw.), im gegen⸗
3714 820 4535 884 teiligen Falle erfolgen Strafmaßnahmen.
3804 875 5080 943 9) Das Requiſitionsrecht wird von den Armeen der Verbündeten
3712 922 5084 986 und der Vereinigten Staaten auf allen von ihnen beſetzten Gebieten
3711 968 5082 1034 ausgeübt. Der Unterhalt der Beſatzungstruppen der rheiniſchen Ge⸗
3714 1014 5084 1078 biete (mit Ausnahme Elſaß⸗Lothringens) erfolgt auf Koſten der
3715 1075 4133 1126 Deutſchen Regierung.
3812 1116 5084 1182 10) Sämtliche Kriegsgefangenen der Verbündeten und der
3719 1163 5087 1227 Vereinigten Staaten, einſchließlich die in Anklagezuſtand Befindlichen
3717 1211 5088 1272 und Verurteilten, ſind ohne Recht auf Gegenſeitigkeit in ihre Heimat
3717 1258 5088 1322 zu befördern. Die Einzelbeſtimmungen werden noch getroffen. Die
3716 1301 5089 1365 verbündeten Mächte und die Vereinigten Staaten ſollen das Recht
3718 1347 5091 1413 haben, nach Gutdünken über ſie zu verfügen. Durch vorſtehende
3718 1397 5087 1462 Bedingung werden ſämtliche Abmachungen, die früher über Kriegs⸗
3717 1443 5094 1508 gefangenenaustauſch getroffen worden ſind, für ungültig erklärt,
3718 1488 5096 1551 einſchl. derjenigen von Juli 1918, welche im Begriffe iſt, ratifiziert
3717 1553 3926 1599 zu werden.
3810 1593 5097 1656 11) Die nichttransportfähigen Kranken und Verwundeten, weiche
3720 1639 5098 1702 auf den von den deutſchen Armeen geräumten Gebieten zurück⸗
3720 1687 5098 1748 gelaſſen werden, werden von deutſchem Sanitätsperſonal verpflegt:
3720 1731 5098 1794 dies iſt daher mit dem nötigen Mat rial an Ort und Stelle zu
3721 1795 3881 1841 belaſſen.
3720 1847 5089 1910 B. Beſtimmungen hinſichtlich der deutſchen Oſtgrenzen
3816 1904 5102 1969 12) Sämtliche deutſche Truppen, welche ſich augenblicklich auf
3718 1953 5102 2012 dem vor dem Kriege zu Oeſterreich, Rußland, Rumänien und der
3718 2000 5095 2061 Türkei gehörigen Gebiete befinden, müſſen hinter die deutſchen
3722 2048 4862 2106 Grenzen zurückgehen, wie ſie am 1. Auguſt 1914 waren.
3815 2103 5099 2163 13) Die Abbeförderung der deutſchen Truppen und die Rück⸗
3720 2152 5099 2211 berufung ſämtlicher deutſchen Inſtrukteure, Gefangenen, Zivil⸗ und
3721 2196 5099 2257 Militäragenten vom ruſſiſchen Gebiet (nach den Grenzen vom 1. Auguſt
3724 2244 5099 2304 1914) iſt ſofort einzuleiten. Sämtliche Requiſitionen und Beſchlag⸗
3722 2289 5098 2349 nahmungen von Gegenſtänden, die nach Deutſchland übergeführt werden
3724 2337 5100 2394 ſollen durch die deutſchen Truppen, haben in Rumänien und Rußland
3726 2382 5099 2442 (innerhalb ihrer Grenze vom 1. Auguſt 1914) von nun an ſofort zu
3725 2440 3970 2488 unterbleiben.
3816 2483 5099 2545 15) Verzicht auf die Friedensverträge von Bukareſt und Breſt⸗
3722 2541 4489 2593 Litowsk ſowie auf ihre Zuſatzverträge.
3815 2589 5097 2649 16) Die Verbündeten ſollen freien Zugang zu den von den
3728 2638 5102 2695 Deutſchen an ihren Oſtgrenzen geräumten Gebieten ſowohl über
3723 2684 5098 2743 Danzig wie auch über die Weichſel haben, um die Bevölkerungen
3722 2732 5100 2787 dieſer Gebiete verpflegen zu können oder auch für jeden anderen
3725 2789 3850 2836 Zweck.
4209 2827 4628 2876 C. In Oſtafrika.
3816 2881 5099 2939 17) Bedingungsloſe Uebergabe aller deutſchen Kräfte, welche in
3722 2934 4627 2986 Oſtafrika operieren, innerhalb eines Monats.
4032 3000 4800 3054 D. Allgemeine Beſtimmungen.
3825 3057 5100 3112 18) Alle Zivilinternierten (einbegriffen die Geiſeln, die in
3725 3104 5099 3158 Anklagezuſtand Beſindlichen oder Verurteilten), welche den Ver⸗
3724 3150 5098 3202 bündeten oder verbundenen Mächten angehören und nicht im Artikel 3
3724 3195 5101 3253 aufgeführt ſind, ſind ohne Recht auf Gegenſeitigkeit in einem Höchſt⸗
3722 3243 5098 3296 zeitraum von 1 Monat in ihre Heimat zu befördern. Ausführungs⸗
3723 3297 4491 3345 beſtimmungen bleiben noch feſtzuſetzen.
3818 3345 5097 3402 19) Finanzielle Beſtimmungen. Spätere Anſprüche und Forde⸗
3726 3393 5098 3448 ruugen jeder Art von ſeiten der Verbündeten und der Vereinigten
3723 3439 5098 3493 Staaten werden vorbehalten. Die Wiederherſtellung aller Be⸗
3722 3485 5099 3542 ſchädigungen. Während der Dauer des Waffenſtillſtandes darf der
3724 3531 5102 3588 Feind keine öffentlichen Werte beſeitigen, welche den Verbündeten
3724 3578 5096 3633 als Pfänder für die Deckung der Kriegsſchäden dienen könnten. So⸗
3725 3625 5100 3678 fortige Zurückerſtattung des Kaſſenbeſtandes der Banque Nationale
3723 3670 5097 3725 de Belgique und ſofortige Zurückerſtattung ſämtlicher Dotumente und
3721 3718 5100 3772 Wertpapiere (mobiliarer und fiduzianiſcher mit dem Ausgabematerial),
3724 3764 5097 3817 welche dem öffentlichen Intereſſe dienen und in den beſetzten Ge⸗
3720 3812 5098 3864 bieten eingezogen worden ſind. Rückerſtattung des ruſſiſchen und
3724 3858 5098 3908 rumäniſchen Goldes, welches von den Deutſchen beſchlagnahmt oder
3722 3901 5095 3957 ihnen ausgeliefert worden iſt. Dieſes Gold wird von den Ver⸗
3720 3952 5095 4003 bündeten bis zur Unterzeichnung des Friedens in Verwahrung ge⸗
3720 4005 4046 4048 nommen werden.
3928 4069 4911 4119 E. Beſtimmungen für die Seemacht.
3814 4123 5096 4178 20) Sofortige Einſtellung jeder Feindſeligkeit zur See und
3720 4168 5098 4224 genaue Angabe, wo ſich deutſche Fahrzeuge z. Zt. befinden, ſowie
3719 4216 5094 4272 ihrer Bewegungen. Den Neutralen iſt bekannt zu geben, daß der
3719 4261 5094 4319 Kriegs⸗ und Handelsmarine der Verbündeten und verbundenen Mächte
3720 4311 5096 4364 Bewegungsfreiheit in allen territorialen Gewäſſern geſtattet iſt, ohne
3720 4360 5095 4411 daß man deshalb Beſchwerden wegen der Neutralitätsverletzung
3720 4411 4132 4456 geltend machen wird.
3811 4461 5096 4515 21) Alle Kriegsgefangenen der Kriegs⸗ und Handelsflotten der
3720 4506 5095 4562 Verbündeten und verbundenen Mächte, welche ſich in deutſcher
3721 4554 5094 4608 Gewalt befinden, ſind ohne Anſpruch auf Gegenſeitigkeit auszuliefern.
3814 4610 5094 4666 22) Den Verbündeten und den Vereinigten Staaaten ſind
3724 4658 5095 4713 160 Unterſeeboote mit ihrer vollſtändigen Bewaffnung und Aus⸗
3723 4706 5093 4761 rüſtung in den von den Verbündeten und den Vereinigten Staaten
3721 4751 5095 4808 bezeichneten Häfen zu ſtellen. Darin müſſen einbegriffen ſein ſämt⸗
3723 4799 5091 4853 liche Unterſeekreuzer und ſämtliche Minenleger. Sämtliche anderen
3721 4844 5091 4899 Unterſeeboote müſſen, was Perſonal und Material anbetrifft, ab⸗
3722 4888 5091 4945 gerüſtet werden und verbleiben unter der Ueberwachung der Ver⸗
3721 4942 4506 4992 bündeten und der Vereinigten Staaten.
3814 4995 5088 5052 23) Die Kriegsſchiffe der deutſchen Hochſeeflotte, welche von den
3723 5044 5088 5097 Verbündeten und den Vereinigten Staaten bezeichnet werden, werden
3721 5086 5089 5143 ſofort abgerüſtet und dann in neutralen Häfen oder — in deren Er⸗
3724 5131 5088 5190 mangelung — in Häfen der verbündeten Mächte interniert, die
3721 5179 5089 5236 von Verbündeten und von den Vereinigten Staaten bezeichnet
3721 5226 5086 5281 werden. Sie bleiben dort unter der Ueberwachung der Ver⸗
3721 5271 5087 5330 bündeten und der Vereinigten Staaten. Es werden nur Wach⸗
3721 5320 5085 5378 abteilungen an Bord belaſſen. Hierfür werden von den Verbündeten
3723 5361 5085 5423 bezeichnet werden: 6 Schlachtkreuzer, 10 Ge chwaderpanzerſchiffe,
3722 5411 5083 5469 8 leichte Kreuzer (davon 2 Minenleger), 50 Zerſtörer der modernſten
3721 5460 5084 5516 Typen. Alle anderen Kriegsſchiffe der Hochſeeflotte und der Binnen⸗
3721 5503 5084 5562 gewäſſer ſollen in den von den Verbün eten und von den Vereinigten
3721 5545 5083 5610 Staaten bezeichneten deutſchen Flottenſtationen zuſammengezogen und
3720 5593 5082 5653 vollſtändig abgerüſtet werden. Sie werden dort unter die Be⸗
3720 5638 5082 5702 wachung der Verbündeten und der Vereinigten Staaten geſtellt.
3719 5689 5083 5749 Die militäriſche Ausrüſtung ſämtlicher Schiffe der Hilfsflotte wird an
3718 5741 3994 5790 Land gebracht.
3811 5791 5075 5852 24) Die Verbündeten und die Vereinigten Staaten haben das
3717 5836 5082 5901 Recht, außerhalb der deutſchen Territorialwäſſer ſämtliche Minen⸗
3721 5882 5079 5946 felder zu beſeitigen und ſämtliche durch Deutſchland gelegten
3720 5932 5081 5995 Sperrungen zu zerſtören. Deren Lage muß ihnen angegeben werden.
3811 5971 5076 6041 25) Die verbündeten und verbundenen Mächte haben das Recht,
3720 6018 5077 6083 mit ihren Kriegs⸗ und Handelsflotten frei in die Oſtſee ein⸗ und
3720 6062 5073 6130 auszufahren. Dies Recht iſt ihnen durch die Beſetzung ſämtlicher
3719 6114 5076 6177 deutſchen Forts, Küſtenwerke, Batterien und Verteidigungsanlagen
3718 6154 5079 6224 jeder Art zu ſichern, welche ſich in ſämtlichen vom Kattegat in die
3718 6199 5076 6272 Oſtſee führenden Meerengen befinden, ferner durch das Auffiſchen
3718 6250 5072 6317 und die Zerſtörung ſämtlicher Minen und Sperrungen in und außer⸗
3717 6290 5073 6364 halb der deutſchen Territorialgewäſſer. Ihre genaue Ortsangabe und
3717 6338 5073 6409 ihre Pläne werden von Deutſchland geliefert, das keine Beſchwerde
3716 6403 4652 6455 gegen Verletzung der Neutralität erheben darf.
3807 6432 5077 6513 26) Die Blockade der verbündeten und verbundenen Mächte bleibt
3714 6490 5074 6559 in den gegenwärtigen Bedingungen aufrechterhalten. Deutſche Han⸗
3715 6533 5072 6612 delsſchiffe, die auf offener See gefaßt werden, bleiben der Beſchlag⸗
3714 6596 4099 6651 nahme unterworfen.
5312 368 6576 442 27) Sämtliche Luftſtreitkräfte werden in den von den Ver⸗
5255 416 6575 501 bündeten und den Vereinigten Staaten bezeichneten deutſchen Flug⸗
5257 463 5852 551 hä en gruppiert und demobiliſiert.
5308 507 6576 578 28) Deutſchland liefert bei der Räumung der belgiſchen Küſte
5253 553 6576 636 und der belgiſchen Häfen aus: ſäm liches Hafengerät und ſämtliches
5253 598 6579 687 Flußſchiffahrtsgerät, ſämtliche Handelsſchiffe, Schleppdampfer, Laſt⸗
5251 646 6578 731 kähne und alles Ausrüſtungsgerät, ſämtliches Material und ſämtliche
5252 694 6574 770 Vorräte des Marineflugweſens, ſämtliche Waffen, Apparate und
5251 745 5544 817 Vorräte jeder Art.
5308 786 6580 851 29. Deutſchland räumt ſämtliche Häfen des Schwarzen Meeres
5248 832 6575 911 und überliefert den Verbündeten und den Vereinigten Staaten ſämt⸗
5247 877 6572 955 liche von den Deutſchen im Schwarzen Meer beſchlagnahmten
5246 923 6572 998 ruſſiſchen Kriegsſchiffe. Es gibt ſämtliche beſchlagnahmten neutralen
5246 972 6573 1051 Handelsſchiffe frei und liefert alles Kriegs⸗ und ſonſtiges Gerät, das
5243 1018 6572 1094 in dieſen Häfen beſchlagnahmt wurde, ſowie das in Artikel 28 aufge⸗
5243 1066 5754 1144 führte deutſche Material aus.
5303 1109 6572 1176 30. Sämtliche, den Verbündeten und verbundenen Mächten ge⸗
5239 1156 6572 1233 hörige Handelsſchiffe, die ſich augenblicklich in deutſcher Gewalt be⸗
5241 1204 6573 1280 fi den, werden ohne Recht auf Gegenſeitigkeit in den von den Ver⸗
5240 1250 6571 1321 bündeten und den Vereinigten Staaten beze chneten Häfen abgeliefert.
5298 1296 6575 1356 31. Jede Zerſtörung von Schiffen oder von Material vor der
5243 1346 6375 1410 Räumung, der Ablieferung oder der Rückgabe iſt unterſagt.
5296 1391 6569 1452 32. Die deutſche Regierung gibt offiziell allen neutralen Regie⸗
5239 1440 6571 1507 rungen, im beſonderen der norwegiſchen, ſchwediſchen, däniſchen
5238 1483 6572 1553 und holländiſchen Regierung bekannt, daß alle Einſchränkungen,
5238 1529 6573 1599 welche dem Handelsverkehr ihrer Schiffe mit den Verbündeten und
5237 1578 6573 1646 verbundenen Mächten auferlegt waren, ſei es durch die deutſche
5236 1624 6572 1690 Regierung ſelbſt, ſei es durch deutſche Privatunternehmungen, ſei es
5236 1669 6571 1737 auf dem Wege feſtgelegter Abmachungen (wie z. B. die Ausfuhr von
5235 1717 6183 1785 Schiffsbaumaterial) ſofort außer Gultigkeit treten.
5295 1764 6572 1823 33) Irgendwelche Ueberführung deutſcher Handelsſchiffe jeder
5235 1812 6570 1871 Art unter irgendeiner neutralen Flagge ſoll nach Unterzeichnung des
5236 1857 6012 1921 Waffenſtillſtandes nicht ſtattfinden können.
5397 1926 6336 1979 F. Dauer des Waffenſtillſtandes.
5294 1983 6568 2037 34) Die Dauer wird auf dreißig Tage feſtgeſetzt, ſie kann ver⸗
5230 2031 6568 2094 längert werden. Während dieſer Dauer kann der Waffenſtillſtand,
5234 2080 6568 2135 wenn ſeine Beſtimmungen nicht ausgeführt worden ſind, von einer
5230 2127 6566 2181 der vertragſchließenden Parteien gekündigt werden. Dieſe muß von
5233 2174 6566 2230 der bevorſtehenden Kündigung 48 Stunden vorher Kenntnis geben.
5493 2243 6231 2292 C. Friſt füe die Antwort:
5292 2302 6565 2352 35) Eine Friſt von 72 Stunden, beginnend mit der Bekannt⸗
5231 2348 6564 2408 gabe des gegenwärtigen Textes, wird Deutſchland bewilligt, um den
5233 2396 6075 2449 Waffenſtillſtand anzunehmen oder abzulehnen.
5298 2454 6565 2510 Vorgeſtern morgen fand eine Beſprechung der
5229 2506 6564 2563 Staatsſekretäre ſtatt. Nach Bekanntgabe der Bedingungen
5229 2559 6563 2615 des Waffenſtillſtandes wurden die Bedingungen ange⸗
5228 2612 6563 2669 nommen. Entſprechende Weiſungen ſind der Friedens⸗
5229 2665 5748 2721 delegation gegeben worden.
5293 2717 6563 2773 In der Nacht zum Montag iſt folgende Note an den
5227 2770 6560 2826 Staatsſekretär Lanſing nach Waſhington gerichtet worden:
5285 2823 6564 2874 Herr Staatsſekretär! Ueberzeugt von der Gemeinſamkeit der
5223 2868 6560 2921 demokratiſchen Ziele und Ideale hat ſich die deutſche Regierung an
5226 2917 6564 2965 den Herrn Präſidenten der Vereinigten Staaten mit der Bitte
5227 2963 6559 3014 gewandt, den Frieden wiederherzuſtellen. Dieſer Friede ſollte
5226 3010 6558 3063 den Grundſätzen entſprechen, zu denen Präſident Wilſon ſich
5227 3057 6557 3108 ſtets bekannt hat. Er ſollte eine gerechte Löſung aller ſtreitigen
5226 3105 6559 3154 Fragen und eine dauernde Verſöhnung der Völker zum Zwecke
5227 3150 6556 3201 haben. Der Präſident hat ferner erklärt, daß er nicht mit dem
5226 3196 6555 3248 deutſchen Volke Krieg führen und es in ſeiner friedlichen Entwicklung
5227 3244 6555 3297 nicht behindern wolle. Die deutſche Regierung hat die Bedingungen
5224 3291 6554 3339 für den Waffenſtillſtand erhalten. Nach einer Blockade von 50 Mo⸗
5227 3338 6554 3390 naten würden dieſe Bedingungen, insbeſondere die Abgabe der Ver⸗
5228 3383 6558 3436 kehrsmittel und die Unterhaltung der Beſatzungstruppen bei gleich⸗
5227 3429 6556 3483 zeitiger Fortdauer der Blockade die Ernährungslage Deutſchlands
5227 3478 6555 3530 zu einer verzweifelten geſtalten und den Hungertod von Millionen
5226 3520 6558 3577 Männern, Frauen und Kindern bedeuten. Wir mußten die Bedin⸗
5227 3569 6555 3624 gungen annehmen. Wir machen aber den Präſidenten Wilſon feierlich und
5226 3613 6553 3669 ernſt darauf aufmerkſam, daß die Durchführung der Bedingungen im
5228 3660 6558 3716 deutſchen Volke das Gegenteil der Geſinnung erzeugen muß, die eine
5233 3704 6553 3763 Vorausſetzung für den Neuaufbau der Völkergemeinſchaft bildet und
5232 3757 6558 3809 einen dauerhaften Rechtsfrieden verbürgt. Das deutſche Volk wendet
5227 3798 6556 3856 ſich daher in letzter Stunde nochmals an den Präſidenten mit der
5228 3844 6554 3904 Bitte, auf eine Milderung der vernichtenden Bedingungen bei den
5227 3892 5769 3946 alliierten Mächten hinzuwirken.
5407 3945 6289 3999 Der Staatsſekretär des Auswärtigen Amts.
5774 3998 5914 4044 Solf.
5289 4044 6551 4108 Wie das niederländiſche Preſſebüro „Radio“ unter dem
5222 4090 6554 4160 geſtrigen Datum meldet, in der Waffenſtillſtand um 5 Uhr
5224 4146 6554 4213 Mo e s franzöſiſcher Zeit unterzeichnet worden und tritt um
5222 4200 6553 4267 11 Uhr franzöſiſcher Zeit in Kraft. — Der Marſchall F o ch
5220 4250 6554 4319 hat ſo e des Radiotelegramm an die Oberkommandierenden
5219 4303 5343 4354 geſandt:
5281 4359 6552 4422 Die Feindſeligkeiten werden an der ganzen Front vom 11. No⸗
5222 4404 6550 4469 vember 11 Uhr Vormittags franzöſiſcher Zeit an eingeſtellt werden.
5223 4446 6553 4514 Die alliierten Truppen dürfen bis ein neuer Befehl eintrifft, die an
5219 4493 6551 4563 dieſen Tage und zu dieſer Stunde erreichte Linie nicht überſchreiten.
5288 4687 6556 4758 Am Sonntagnachmittag fand, wie „W. T. B.“ be⸗
5220 4732 6553 4807 richtet, im Zirkus Buſch die erſte Verſammlung der
5221 4783 6551 4860 Berliner Arbeiter⸗ und Soldatenräte ſtatt, nachdem
5222 4837 6551 4912 am Vormittag die Soldaten in den Kaſernen und Lazaretten
5222 4888 6549 4969 und die Arbeiter in ihren Betrieben gewählt hatten. In
5222 4937 6553 5024 das Präſidium wurden Barth, der die Sitzung er⸗
5222 4988 6553 5072 öffnet hatte, als Vorſitzender, Oberleutnant Walz als
5224 5046 6552 5124 zweiter Vorſitzender und Müller und Molkenbuhr als
5225 5094 6554 5179 Schriftführer gewählt. Ebert verkündete die Einigung zwiſchen
5225 5149 6551 5230 der Sozialdemokratiſchen Partei und den Unabhängigen. Nach
5226 5195 6553 5286 Reden Haaſes, Dr. Liebknechts, des Hauptmanns von Beer⸗
5226 5249 6551 5337 felde, Müllers wurden Vertreter für den Arbeiter⸗ und
5226 5304 6550 5390 Soldatenrat, der bis zum Zuſammentritt ſämtlicher Arbeiter⸗
5228 5356 6549 5442 und Soldatenräte Deutſchlands die Geſchäfte übernehmen ſoll,
5226 5408 6553 5498 gewählt, und zwar von den Unabhängigen Sozialiſten: Barth,
5227 5459 6550 5548 Müller, Eckhardt, Wegmann, Neuendorf und Lede⸗
5224 5508 6549 5604 bour, von der Sozialdemokratiſchen Partei: Heller, Gühlich,
5226 5560 6551 5654 Ruſch, Bügel, Hiob und Mainz. Als Vertreter der
5225 5612 6549 5707 Soldaten wurden gewählt: Molkenbuhr, von Beerfelde,
5228 5665 6552 5763 Gerhardt, Hertel, Lempert, Haaſe, Balz, Bathuſch,
5229 5717 6548 5811 Bergmann, Köhler, Echtmann und Wimpel. Die
5230 5767 6551 5862 Einigung der beiden Parteien war im weſentlichen auf die
5228 5821 6551 5920 Räte der Soldaten zurückzuführen. Zum Schluß der Sitzung
5228 5875 6549 5972 wurde nachſtehende Kundgebung des Arbeiter⸗ und
5230 5921 5786 6022 Soldatenrats gutgeheißen:
5570 6039 6104 6091 „An das werktätige Volk!
5285 6066 6546 6154 Das alte Dentſchland iſt nicht mehr. Das deutſche Volk hat
5228 6101 6547 6199 erkannt, daß es jahrelang in Lug und Trug gehüllt war. Der viel⸗
5228 6152 6547 6248 gerühmte, der ganzen Welt zur Nachahmung empfohlene Militarismus
5231 6193 6547 6291 iſt zuſammengebrochen. Die Revolution hat von Kiel ihren Sieges⸗
5232 6245 6546 6341 marſch angetreten und hat ſich ſiegreich durchgeſetzt. Die Dynaſtien
5232 6287 6547 6387 haben ihre Exiſtenz verwirkt. Die Träger der Krone ſind ihrer Macht
5231 6333 6543 6433 entkleidet. Deutſchland iſt Republik geworden, eine ſozialiſtiſche Re⸗
5230 6380 6546 6479 publik. Soſort haben ſich die Gefängnis⸗, Arreſt⸗ und Zuchthaus⸗
5232 6432 6544 6522 mauern für die wegen politiſcher und militäriſcher Verbrechen Ver⸗
5231 6470 6545 6569 urteilten und Verhafteten geöffnet. Die Träger der politiſchen Macht
5230 6512 6543 6617 ſind jetzt Arbeiter⸗ und Soldatenräte. In allen Garniſonen, in denen
5230 6557 6543 6671 keine Arbeiter⸗ und Soldatenräte beſtehen, wird ſich die Bildung
6644 389 8059 448 ſolcher Räte raſch vollziehen. Auf dem flachen Lande werden ſich
6644 438 8059 493 Bauernräte zu demſelben Zwecke bilden. Die Aufgabe der proviſori⸗
6645 482 8057 539 ſchen Regierung, die von dem Arbeiter⸗ und Soldatenrat Berlin
6644 527 8057 585 beſtätigt iſt, wird in erſter Linie ſein, den Waffenſtill⸗
6646 575 8059 632 ſtand abzuſchließen und dem blutigen Gemetzel ein
6648 619 8058 679 Ende zu machen. Sofortiger Friede iſt die Parole der Revolution.
6646 666 8058 725 Wie auch der Friede ausſehen wird, er iſt beſſer als die Fortſetzung
6644 713 8059 771 des ungeheuren Maſſenſchlachtens. Die raſche und konſequente Ver⸗
6644 760 8060 816 geſellſchaftung der kapitaliſtiſchen Produktionsmittel iſt nach der
6644 804 8058 860 ſozialen Struktur Deutſchlands und dem Reifegrad ſeiner
6644 850 8060 906 wirtſchaftlichen und politiſchen Organiſation ohne ſtarke Erſchütte⸗
6646 898 8059 953 rung durchführbar. Sie iſt notwendig, um aus den blutgetränkten
6643 944 8061 1000 Trümmern eine neue Wirtſchaftsordnung aufzubauen, um die
6642 988 8061 1046 wirtſchaftliche Verſklavung der Volksmaſſen, den Untergang der Kultur
6642 1034 8061 1092 zu verhüten. Alle Arbeiter, Kopf⸗ und Handarbeiter, welche von
6643 1078 8061 1137 dieſem Ideal erſüllt ſind, welche aufrichtig für ſeine Verwirklichung
6644 1126 8061 1182 eintreten, ſind zu ſeiner Mitarbeit berufen. Der Arbeiter⸗ und
6643 1175 8064 1231 Soldatenrat iſt von der Ueberzeugung durchdrungen, daß in
6642 1220 8062 1277 der ganzen Welt ſich eine Umwälzung in der gleichen
6643 1262 8063 1320 Richtung vorbereitet. Er erwartet mit Zuverſicht, daß das
6645 1310 8063 1367 Proletariat der anderen Länder ſeine ganze Kraft ein⸗
6643 1358 8063 1412 ſetzen wird, um eine Vergewaltigung des deutſchen Volkes bei Ab⸗
6645 1402 8065 1461 ſchluß des Krieges zu verhindern. Er gedenkt mit Bewunderung der
6642 1450 8065 1503 ruſſiſchen Arbeiter und Soldaten, die auf dem Wege der Revolution
6643 1498 8062 1551 vorangeſchritten ſind, er iſt ſtolz, daß die deutſchen Arbeiter und Sol⸗
6642 1542 8063 1596 daten ihnen gefolgt ſind und damit den alten Ruhm, Vor⸗
6642 1589 8064 1643 kämpfer der Internationalen zu ſein, wahren. Er ſendet der ruſſiſchen
6643 1631 8063 1689 Arbeiter⸗ und Soldatenvereinigung ſeine brüderlichen Grüße.
6642 1680 8065 1734 Er beſchließt, daß die deutſche republikaniſche Regierung ſofort
6642 1726 8065 1782 die völkerrechtlichen Beziehungen zu der ruſſiſchen Regierung auf⸗
6641 1771 8063 1828 nimmt, und erwartet die Vertretung dieſer Richtung in Berlin.
6641 1821 8066 1874 Durch den entſetzlichen, über vier Jahre währenden Krieg iſt
6641 1867 8065 1920 Deutſchland auf das fürchterlichſte verwüſtet. Unerſetzliche materielle
6642 1914 8063 1966 und moraliſche Güter ſind vernichtet. Aus dieſen Verwüſtungen
6641 1961 8063 2012 und Zerſtörungen neues Leben hervorzurufen, iſt eine Rieſen⸗
6640 2007 8063 2059 aufgabe. Der Arbeiter⸗ und Soldatenrat iſt ſich deſſen bewußt,
6641 2052 8063 2106 daß die revolutionäre Macht Verbrechen und Fehler des alten Re⸗
6640 2100 8062 2152 gimes und der beſitzenden Klaſſen nicht mit einem Schlage gutmachen,
6640 2147 8063 2199 daß ſie den Maſſen nicht ſofort eine glänzende Lage verſchaffen kann.
6641 2192 8062 2246 Aber dieſe revolutionäre Macht iſt die einzige, die noch retten kann,
6638 2240 8064 2291 was zu retten iſt. Die ſozialiſtiſche Republik iſt allein imſtande, die
6638 2286 8063 2339 Kräfte des internationalen Sozialismus zur Herbeiführung eines
6638 2332 8062 2384 demokratiſchen Dauerfriedens auszulöſen. Es lebe die deutſche,
6637 2376 7100 2428 ſozialiſtiſche Republik.“
6741 2437 8063 2492 Auf Antrag Müller wurde ſodann die Wahl und die Be⸗
6637 2489 8064 2546 ſtätigung der proviſoriſchen Regierung anerkannt. — Nach der
6635 2542 8063 2598 Verſammlung im Zirkus Buſch trat das Kabinett zuſammen
6635 2596 8064 2652 und konſtituierte ſich als Körperſchaft mit gleichen Rechten als
6633 2647 8063 2705 Rat der Volksbeauftragten. Den Vorſitz führen Ebert
6633 2700 6905 2754 und Haaſe.
6738 2847 8061 2902 Laut Meldung des „Wolffſchen Telegraphenbüros“ hat
6634 2897 8059 2954 ſich der Generalfeldmarſchall von Hindenburg in einem
6631 2951 8061 3007 Telegramm an die neue Regierung mit der Armee zu ihrer
6631 3003 7727 3059 Verfügung geſtellt, um ein Chaos zu vermeiden.
6734 3195 8061 3251 Der Bund der Beamten der preußiſch⸗heſſiſchen
6627 3247 8060 3303 Staats⸗ und der Reichseiſenbahnen, der Deutſche
6628 3300 8061 3355 Eiſenbahner⸗Verband, der Allgemeine Eiſenbahner⸗
6628 3352 8060 3410 Verband, der Zentralverband Deutſcher Eiſen⸗
6628 3404 8061 3459 bahner, Elberfeld, die Reichskartelle der Staatsan⸗
6629 3458 8061 3512 geſtellten, Elberfeld, und der Verband der preuß.⸗heſſ.
6626 3509 8060 3565 Lokomotivführer, Kreis Berlin, erlaſſen laut „W. T. B.“
6628 3562 8062 3619 folgenden Aufruf an alle Eiſenbahner (Beamte und
6627 3613 6847 3670 Arbeiter):
6734 3668 8062 3724 Zur Sicherung der Volksernährung iſt es notwendig, daß
6629 3719 8063 3774 der Eiſenbahnverkehr in dem bisherigen Umfange aufrecht er⸗
6628 3772 8063 3825 halten bleibt. Wir richten deshalb in dieſer ernſten Schickſals⸗
6629 3824 8062 3878 ſtunde Deutſchlands die dringende Mahnung an alle Beamte
6626 3877 8060 3931 und Arbeiter des Eiſenbahnbetriebes: Haltet Ruhe und
6626 3930 8059 3983 Ordnung im Betriebe und tut Eure Pflicht als
6627 3982 8060 4035 Eiſenbahner. In dieſem Sinne macht Euren ganzen
6626 4035 8060 4089 Einfluß geltend, damit dieſe Mahnung reſtlos zur
6625 4087 7259 4141 Durchführung gelangt!
6730 4140 8058 4193 Gleichzeitig fühlen ſich die Organiſationen verpflichtet, das
6626 4193 8059 4248 dringende Erſuchen an die Verwaltung zu richten, die Leiſtungs⸗
6625 4245 8058 4298 fähigkeit des Perſonals dadurch zu erhalten und zu fördern,
6624 4297 8058 4351 daß ſofort geeignete Schritte zur Behebung der wirtſchaftlichen
6625 4351 7719 4402 Notlage der Eiſenbahnbedienſteten getan werden.
6728 4402 8059 4456 Zur Verwirklichung dieſer Ziele ſetzen die genannten
6624 4456 7457 4509 Organiſationen ihre ganze Kraft ein.
6728 4507 8057 4561 Infolge Verkehrsſchwierigkeiten war es nicht möglich, mit
6624 4560 8057 4615 dem Deutſchen Verkehrsperſonalverband, Sitz München, in
6623 4612 7106 4666 Verbindung zu treten.
6728 4746 8054 4801 Der Ernährungsausſchuß des Arbeiter⸗ und Soldatenrats
6622 4801 6824 4849 teilt mit:
6798 4875 7885 4923 Lebensmittelkartenausgabe für Soldaten.
6714 4932 8055 4982 1) Für die in Groß Berlin ſich aufhaltenden nicht
6622 4982 7171 5029 gemeldeten Soldaten:
6714 5027 8053 5075 Diejenigen Militärperſonen, die in Groß Berlin ohne militäriſche
6623 5074 8051 5122 oder polizeiliche Meldung ſich aufhalten und wohnen, haben ſich bei
6621 5120 8052 5167 den neu eingerichteten polizeilichen Revieren des Arbeiter⸗ und
6621 5167 8051 5214 Soldatenrats zu melden und erhalten bei Vorzeigung dieſer Meldung
6621 5213 8052 5263 von der Lebensmittelkarten⸗Ausgabeſtelle ihres Wohnbezirks die ihnen
6621 5261 7235 5309 zuſtehenden Lebensmittelkarten.
6713 5306 8051 5355 Die Meldung hat bei der Lebensmittelkartenausgabeſtelle bis
6622 5353 8052 5402 ſpäteſtens Donnerstag, den 14. November, Nachmittags 3 Uhr, zu
6621 5404 6782 5448 erfolgen.
6713 5446 8050 5494 Die in Groß Berlin ohne militäriſche oder polizeiliche Meldung
6621 5493 8050 5542 ſich aufhaltenden Militärperſonen, die keine Wohnung haben, melden
6620 5539 8051 5589 ſich bei dem Beauftragten des Arbeiter⸗ und Soldatenrats der
6620 5586 8052 5633 Kommandantur Berlin, Kupfergraben 7, von dem ſie einer
6622 5631 8049 5682 militäriſchen Dienſtſtelle zur vorübergehenden Verpflegung zugewieſen
6620 5685 6763 5723 werden.
6714 5724 8048 5773 Die bisherige Unterlaſſung der polizeilichen oder militäriſchen
6622 5772 7122 5821 Meldung bleibt ſtraffrei.
6941 5840 7716 5891 2) Für ankommende Soldaten.
6714 5899 8049 5945 Die mit Entlaſſungs⸗ oder Urlaubspapieren ihrer Truppenteile
6620 5945 8048 5992 ankommenden Mannſchaften melden ſich in ihrem Wohnbezirke bei
6621 5993 8045 6042 der Polizei und erhalten ihre Lebensmittelkarten von der zuſtändigen
6622 6038 7274 6089 Ausgabeſtelle ihres Wohnbezirks.
6713 6084 8046 6132 Die ohne militäriſche Entlaſſungs⸗ oder Urlaubspapiere an⸗
6619 6131 8045 6178 kommenden Mannſchaften erhalten durch den Soldatenrat des
6620 6177 8046 6225 Ankunftsbahnhoſs einen Urlaubs⸗ und Verpflegungsnachweis, durch
6619 6223 8044 6275 den ſie zur vorübergehenden Verpflegung einer militäriſchen Dienſt⸗
6619 6272 7107 6321 ſtelle überwieſen werden.
6710 6326 7381 6375 Berlin, den 12. November 1918.
6772 6385 7890 6437 Für den Vollzugsrat des Arbeiter⸗ und Soldatenrats:
6840 6432 7821 6480 Der Bevollmächtigte für das Ernährungsweſen.
7113 6475 7535 6522 Emanuel Wurm.
8235 372 9397 450 Die Reichsſtelle für Gemüſe und Obſt hat ſich nunmehr
8131 425 9396 501 entſchloſſen, auch für das Jahr 1919 an dem 2 Jahre hindurch
8132 473 9397 551 bewährten Syſtem der Lieferungsverträge für Gemüſe
8131 530 9397 606 feſtzuhalten. Die neuen V rtragsmuſter für Lieferungsverträge
8130 583 9402 659 über Frühgemüſe und Herbſtgemüſe, die jetzt zur Ausgabe ge⸗
8133 635 9401 709 langen, weichen von den im Vorjahre gebrachten Vertrags⸗
8130 706 8787 761 muſtern in einigen Punkten ab.
8227 734 9397 808 Für die Anbauer erſcheint es von beſonderer Bedeutung, daß in
8131 783 9396 852 den neuen Lieferungsverträgen die Spannung zwiſchen Herbſt⸗ und
8131 829 9398 899 Dauerware bei Weißkohl, Rotkohl und Wirſingkohl auf 2 Mark je
8133 878 9400 946 Zentner erhöht wurde, um den Anbau der Dauerkohlſorten zu fördern.
8226 921 9398 992 Der Erzeugerpreis für kleine runde Karotten wird in Zukunft in
8133 968 9398 1040 gleicher Höhe bemeſſen wie für die roten Möhren und länglichen
8132 1014 9400 1081 Karotten. Die bisherige Unterſcheidung hatte außerordentlich viele
8134 1064 9398 1130 Unſtimmigkeiten ergeben. Auch iſt umfangreicher Anbau der kleinen
8134 1107 9401 1176 runden Karotte (Pariſer Karotte) wegen ihrer geringen Erträge volks⸗
8134 1155 9401 1223 wirtſchaftlich bei den durch den Krieg bedingten Ernährungsverhält⸗
8134 1222 8556 1269 niſſen nicht erwünſcht.
8227 1245 9398 1313 Von den ſonſtigen Aenderungen iſt noch hervorzuheben, daß
8135 1296 9399 1359 gegen den Spruch des Schiedsgerichts, das unter Ausſchluß des
8134 1339 9399 1406 ordentlichen Rechtsweges zur Entſcheidung über alle Streitigkeiten
8136 1384 9402 1453 aus den Verträgen zuſtändig iſt, nunmehr die Berufung an ein bei
8135 1428 9401 1499 der Reichsſtelle für Gemüſe und Obſt eingerichtetes Oberſchiedsgericht
8136 1499 8548 1544 eingeführt worden iſt.
8230 1525 9398 1588 Ausdrücklich wird betont, daß die Verwendung von anderen als
8136 1570 9398 1636 den von der Reichsſtelle für Gemüſe und Obſt auegegbenen amt⸗
8137 1618 9397 1684 lichen Vertragsmuſtern unter keinen Umſtänden zuläſſig iſt und daß
8136 1665 9399 1730 Verträge, die auf anderen Formularen abgeſchloſſen ſind, auf keinen
8137 1721 9208 1777 Fall auf die Genehmigung der Reichsſtelle rechnen können.
8229 1760 9399 1820 Wie in dieſem Jahre hat ſich auch für das Jahr 1919 die
8135 1803 9397 1866 Reichsſtelle für Gemüſe und Obſt eine Anzahl von Gebieten vorbe⸗
8137 1851 9397 1914 halten, in denen ſie ſich zur Deckung des Bedarfs von Heer und
8137 1898 9397 1960 Flotte mit Gemüſefabrikaten und zur Schaffung einer Notſtands⸗
8136 1943 9398 2006 reſerve die Abſchließung von Lieferungsverträgen über Herbſtgemüſe
8136 1990 9398 2055 ausſchließlich vorbehält. Das Verzeichnis di ſer Sperrgebiete wird
8136 2037 9399 2101 gleichzeitig mit den neuen amtlichen Vertragsmuſtern und der
8136 2084 9396 2146 Schiedsgerichtsordnung in der gleichen Nummer des Reichsanzeigers
8137 2130 9398 2193 bekanntgegeben. Nachdrücklich wird darauf hingewieſen, daß die
8136 2176 9401 2239 Sperrgebiete in dieſem Jahre abſichtlich beſonders frühzeitig bekannt
8133 2223 9399 2285 g macht ſind. In den geſperrten Gebieten vor Bekanntgabe der
8135 2267 9396 2334 Sperrung abgeſchloſſene Verträge können unter keinen Umänden auf
8136 2329 8934 2379 Genehmigung durch die Reichsſtelle hoffen.
8240 2479 9397 2547 In der Provinz wird das Gerücht verbreitet, daß die
8136 2530 9398 2601 gegenwärtige Regierung, der Rat der Volksbeauſtragten, die
8135 2586 9402 2654 Abſicht habe, Kriegsanleihen zu annullieren. Die Re⸗
8136 2638 9399 2704 gierung legt laut „W. T. B.“ Wert darauf, dieſe Gerüchte
8135 2703 9040 2757 auf das beſtimmteſte zu dementieren.
8238 2859 9399 2925 Die Preußiſche Staatsbank (Königliche Seehandlung) hat
8134 2914 9399 2976 durch den Tod des Geheimen Oberfinanzrats Lottner einen
8133 2966 9400 3030 ſchweren Verluſt erlitten. Länger als 21 Jahre hat der Ver⸗
8134 3018 9398 3081 ſtorbene der Generaldirektion als deren Mitglied angehört und
8133 3070 9398 3137 ihr in dieſer ganzen Zeit in ernſter und ſtiller Arbeit die
8133 3125 9398 3188 erſprießlichſten Dienſte geleiſtet. Treue im großen und kleinen
8132 3179 9396 3240 war die Richtſchnur ſeines Lebens und ſicherte dem ehrenfe ue
8132 3229 9398 3294 und durch große Herzensgüte ausgezeichneten Manne die Zu⸗
8132 3289 9144 3346 neigung aller, die mit ihm in Berührung kamen.
8709 3466 8884 3512 Bayern.
8240 3529 9401 3589 In der Nacht vom 10 zum 11. November ſandte die
8136 3580 9401 3644 Regierung des Volksſtaats Bayern der „Korreſpondenz
8138 3632 9400 3694 Hoffmann“ zufolge nachſtehende Kundgebung telegraphiſch
8135 3689 9399 3746 an den Bundesrat in Bern mit der Bitte um Uebermittlung
8133 3748 8506 3796 an die Entente:
8500 3813 8819 3857 Bundesrat, Bern.
8223 3849 9399 3906 Ich bitte Sie, die folgende Kundgebung an den Präſidenten
8136 3895 9398 3953 Wilſon, die Regierungen Frankreichs, Englands und Italiens zu über⸗
8131 3949 9282 3999 mitteln und ſie zugleich an das Schweizer Volk zu verbreiten:
8227 3991 9400 4046 An die Regierungen und Völker Amerikas, Frankreichs, Eng⸗
8133 4036 9402 4091 lands, an die Proletarier aller Länder! Das bayeriſche Volk hat
8132 4083 9398 4140 zuerſt in Deutſchland unter der Führung von Männern, die ſeit Be⸗
8132 4130 9399 4185 ginn des Krieges den leidenſchaftlichſten Kampf gegen die frevelhafte
8132 4178 9399 4232 Politik der deutſchen Regierungen und Fürſten geführt haben, in
8130 4223 9397 4280 einer ſtürmiſchen und vom endgültigen Erfolg gekrönten revolutionären
8131 4271 9398 4325 Erhebung Alle und Alles beſeitigt, was ſchuldig und mit⸗
8131 4315 9399 4374 ſchuldig an dem Weltkriege war, Bayern hat ſich als Volksſtaat
8129 4363 9398 4420 proklamiert. Das ganze Volk begrüßt jubelnd ſeine Erlöſung. Die
8130 4413 9397 4466 anderen Staaten Deutſchlands folgen in unaufhaltſamem Drang
8130 4457 9398 4512 unſerm Beiſpiel und begründen damit zum erſten Male eine wirkliche
8129 4506 9396 4561 innere Einheit Deutſchlands. In dieſem Augenblick ſtürzt auf das
8129 4553 9398 4607 junge Bayern die Veröffentlichung der Waffenſtillſtandsbedingungen
8126 4597 9397 4652 der alliierten Mächte herein. Alle Hoffnungen, die wir
8129 4645 9399 4700 durch den Erfolg der Revolution hegen durften, ſind damit
8128 4693 9398 4746 zerſtört. Die neue Republik wird, wenn dieſe entſetzlichen
8129 4737 9398 4792 Bedingungen unveränderlich ſein ſollten, in kurzer Zeit
8129 4789 9397 4837 Wüſte und Chaos ſein. Wir verſtünden wohl die Empfindungen,
8126 4834 9397 4886 die die alliierten Mächte veranlaßten, ſolche Bedingungen zu ſtellen,
8126 4880 9397 4935 wenn ſie damit die Schuldigen treffen würden. Die deutſche Auto⸗
8126 4926 9398 4980 kratie und Militariſten verdienten keine Schonung. Jetzt aber hat
8126 4974 9398 5028 das Volk ſich befreit, und die Bedingungen, die ihm jetzt auferlegt
8126 5020 9397 5074 werden, bedeuten ſeine Vernichtung. Werden die Forderungen auf⸗
8123 5067 9395 5121 rechterhalten, ſo gehen wir Zuſtänden entgegen, die keine
8126 5114 9398 5167 menſchliche Phantaſie ſich vorſtellen kann. Eine anarchiſche
8127 5161 9396 5217 Auflöſung aller Verhältniſſe, die gerade die bayeriſche Re⸗
8125 5207 9396 5261 volution durch die Schaffung eines in ſich gefeſtigten Volks⸗
8125 5256 9397 5307 ſtaates verhindern wollte, würde die notwendige Folge ſein, und
8123 5302 9398 5353 die Herrſchaft ſich zuchtlos auflöſender Millionenheere würden eine
8124 5349 9399 5400 geiſtige und ſittliche Verwilderung, eine politiſch⸗ſoziale Beſeſſenheit
8126 5397 9397 5446 herbeiführen, die auch in das Gebiet der Sieger verheerend über⸗
8125 5444 9397 5495 greifen würde. Das darf nicht geſchehen! Die demokratiſchen
8124 5490 9397 5541 Völker dürfen nicht wollen, daß die revolutionäre Schöpfung
8124 5537 9398 5588 der deutſchen Demokratie durch die Schonungsloſigkeit der Sieger
8123 5583 9397 5635 vernichtet wird. Jetzt iſt die Stunde gekommen, wo durch einen
8123 5629 9397 5680 Akt weitausblickender Großmut die Verſöhnung der Völker herbei⸗
8123 5678 9398 5728 geführt werden kann. Vergeßt in der Schöpfung der neuen Welt
8122 5725 9396 5775 den Haß, der in der alten erzeugt worden iſt. Der Völkerbund, der
8122 5773 9394 5821 das gemeinſame Ideal der Menſchheit geworden iſt, kann niemals
8122 5821 9396 5868 werden, wenn er beginnt mit der Ausrottung des jüngſten Gliedes
8122 5865 9397 5914 demokratiſcher Kultur. Wir beſchwören Euch, die Regierungen wie
8122 5912 9396 5960 das Volk, in einer erhabenen Selbſtüberwindung, die für alle ver⸗
8123 5958 9397 6008 hängnisvolle Liquidierung des Weltkrieges in gemeinſamer Arbeit der
8121 6005 9396 6052 Sieger und Beſiegten zu unternehmen. Dieſes ſchwere Werk würde
8121 6052 9398 6098 die erſte Handlung des neuen Völkerbundes ſein und ihn damit be⸗
8121 6099 9395 6147 gründen. Die alliiterten Demokraten dürfen nicht vergeſſen, wie viel ſtumm
8119 6145 9396 6197 ertragene Opfer unzähliger namenloſer Deutſcher ſeit Beginn dieſes
8118 6191 9396 6242 Krieges in klarer Erkenntnis der Schuld gebracht worden ſind, und
8118 6238 9395 6291 die Regierungen der alliierten Mächte dürfen nicht die Verantwortung
8117 6286 9394 6336 vor den proletariſchen Maſſen übernehmen, die Internationale in
8119 6331 9394 6385 dem Augenblick wieder zu zerſtören, wo ſie ſich innerlich zuſammen⸗
8118 6378 9394 6433 gefunden hat. Das Schickſal der Menſchheit liegt in den Händen
8117 6422 9398 6480 der Männer, die jetzt verantwortlich ſind für die Herbeiführung des
8119 6469 9135 6518 Friedens und die Neugeſtaltung der zerrütteten Völker.
8339 6517 9183 6571 Das Miniſterium des bayeriſchen Volksſtaates
8649 6569 8907 6611 Kurt Eisner.
8210 6609 8869 6660 München, den 10. November 1918.
