10168 7144
780 559 2190 618 erſtattet. Die Vorlage ermächtigt zur Vermehrung der aktiven
781 616 2180 668 Marinemannſchaften von 87 000 auf 180 000 Mann. Dieſe
776 669 2173 722 Marinevorlage iſt um mehr als 800 Millionen Dollar größer
772 719 1830 773 als alle bisherigen in der Geſchichte Amerikas.
882 782 2181 837 — Nach einer Timesmeldung aus Ottawa hat der
777 833 2178 889 kanadiſche Miniſterpräſident einen Geſetzentwurf eingebracht,
770 885 2179 940 dem zufolge allen Frauen unter den gleichen Bedingungen
768 938 2184 990 wie den Männern das Wahlrecht verliehen wird. Nur
760 989 2179 1044 die mit Untertanen feindlicher Staaten verheirateten Frauen
768 1041 1272 1096 werden ausgeſchloſſen.
1252 1230 1694 1284 Kriegsnachrichten.
823 1302 1786 1358 Berlin, 22. März, Abends. (W. T. B.)
871 1366 2173 1420 Die Erfolge des geſtrigen Tages in den Kämpfen
763 1418 2171 1473 zwiſchen Arras und La Fère wurden in Fortführung
757 1470 2171 1525 unſeres Angriffs erweitert. 16 000 Gefangene, 200 Ge⸗
763 1520 1609 1574 ſchütze wurden bisher gemeldet.
870 1573 1918 1629 Vor Verdun blieb der Feuerkampf geſteigert.
881 1628 2141 1681 Von den anderen Kriegsſchauplätzen nichts Neues.
864 1759 2167 1813 Am 21. März hat die deutſche Offenſive an der
762 1809 2171 1865 Weſtfront eingeſetzt. Sie richtete ſich zunächſt gegen die
762 1861 2163 1916 Engländer. Die Artillerieſchlacht entbrannte im Morgengrauen.
766 1914 2164 1969 Schon nach wenigen Stunden äußerſt ergiebiger Feuerwirkung
764 1964 2163 2021 trat die deutſche Infanterie um 10 Uhr Vormittags zwiſchen
750 2017 2165 2070 der Scarpe und Oiſe in einer Ausdehnung von rund 80 Kilo⸗
749 2071 2160 2125 metern zum Sturm an. In harten, für den Feind äußerſt
743 2121 2161 2175 blutigen Kämpfen nahm ſie in breiten Abſchaitten überall
749 2172 2163 2226 die engliſchen Linien. Der den Engländern völlig über⸗
757 2224 2160 2279 raſchend kommende Angriff entriß ihnen wichtige Abſchnitte
750 2276 2159 2331 ihres ſorgſam vorbereiteten und ſtark ausgebauten Kampf⸗
763 2327 2158 2382 geländes. Obwohl ein dichter Nebel, der erſt ſpäter der Sonne
752 2378 2163 2434 wich, die Kampftätigkeit anfangs behinderte, war doch der Er⸗
753 2431 2156 2490 folg über Erwarten groß. Die Einbußen der tapfer und zäh
750 2482 2156 2536 ſich wehrenden Engländer an Toten, Verwundeten und Ge⸗
750 2529 2158 2588 fangenen ſind ſehr ſchwer, die deutſchen Verluſte überraſchend
750 2587 2155 2640 gering. Dieſer erſte G oßkampftag endete verheißungsvoll für
748 2635 2153 2692 die deutſchen Waffen. Der Geiſt der Truppe iſt von freudiger
748 2690 2153 2746 Siegeszuverſicht getragen. Die Beute an Gefangenen, Ge⸗
752 2741 2152 2799 ſchützen und ſonſtigem Kriegsmaterial konnte noch nicht endgültig
747 2791 2151 2850 ſeſtgeſtellt werden. Bis jetzt ſind 16 000 Gefangene und
744 2844 1278 2898 200 Geſchütze gemeldet.
791 2954 1995 3011 Großes Hauptquartier, 23. März. (W. T. B.)
1078 3030 1829 3086 Weſtlicher Kriegsſchauplatz.
845 3092 2149 3151 Unter Führung Seiner Majeſtät des Kaiſers und
737 3143 2149 3203 Königs iſt die Angriffsſchlacht gegen die engliſche
738 3197 2149 3256 Front bei Arras, Cambrai und St. Quentin ſeit
735 3248 2146 3309 2 Tagen im Gange. Auch geſtern wurden gute Fort⸗
738 3297 1132 3354 ſchritte gemacht.
852 3376 1169 3428 Diviſionen der
969 3452 1927 3512 Heeresgruppe Kronprinz Rupprecht
727 3514 2143 3574 erſtürmten die Höhen nördlich und nordweſtlich von
725 3566 2137 3626 Croiſilles. Zwiſchen Fontaine⸗les⸗Croiſilles und
731 3618 2145 3679 Moeuvres drangen ſie in die zweite feindliche Stellung ein
2243 558 3663 617 und nahmen die in ihr gelegenen Dörfer Vaulx⸗Vrau⸗
2243 612 3655 668 court und Morchles. Starke engliſche Gegenangriffe
2249 670 2528 722 ſcheiterten.
2355 718 3661 775 Zwiſchen Gonnelien und dem Omignon⸗Bach wurden
2241 770 3655 825 die erſten beiden Stellungen des Feindes durch⸗
2244 823 3658 878 ſtoßen. Die Höhen weſtlich von Gouzeaucourt, Heu⸗
2245 874 3654 928 dicourt und Villers⸗Faucon wurden genommen,
2242 924 3657 978 im Tale des Cologne⸗Baches Roiſel und Marquaixe er⸗
2239 976 3652 1032 ſtürmt. Erbittert war der Kampf um die Höhen von Epehy.
2240 1028 3653 1082 Von Norden und Süden umfaßt, mußte der Feind ſie unſeren
2244 1080 3652 1135 Truppen überlaſſen. Zwiſchen Epehy und Roiſel verſuchte
2241 1132 3651 1186 der Engländer vergeblich in ſtarken Gegenangriffen unſere
2245 1183 3650 1237 ſiegreich vordringenden Truppen zum Halten zu bringen. Sie
2242 1236 3649 1289 warfen ihn überall unter den ſchwerſten Verluſten
2243 1287 3650 1340 zurück. Die Höhen nördlich von Vermand wurden
2243 1338 3596 1394 erſtürmt. Wir ſtehen vor der dritten feindlichen Stellung.
2345 1391 3648 1446 Unter der Einwirkung dieſer Erfolge räumte der Feind
2240 1441 3647 1495 ſeine Stellungen im Bogen ſüdweſtlich von Cambrai.
2234 1494 3653 1548 Wir find ihm über Demicourt, Fleequières und Ribe⸗
2241 1546 2549 1599 court gefolgt.
2345 1598 3645 1652 Zwiſchen Omignon⸗Bach und der Somme haben ſich
2230 1650 3644 1705 Korps der Heeresgruppe Deutſcher Kronprinz nach
2232 1701 3655 1757 Eroberung der erſten feindlichen Stellungen den Weg durch
2231 1754 3654 1808 den Holnon⸗Wald und über die Höhen von Savy und
2229 1805 3657 1863 Roupy erkämpft und dringen in die dritte feindliche
2234 1858 2585 1910 Stellung ein.
2339 1910 3643 1965 Südlich der Somme durchbrachen Diviſionen die feind⸗
2229 1961 3642 2019 lichen Linien und warfen den Feind in unaufhaltſamem
2227 2010 3641 2068 Vordringen über den Crozat⸗Kanal nach Weſten zurück.
2228 2065 3642 2121 Jägerbataillone erzwangen den Uebergang über die Oiſe
2226 2117 3643 2175 weſtlich von La Fère. Im Verein mit den ihnen nach⸗
2228 2168 3641 2225 folgenden Diviſionen ſtürmten ſie die mit den ſtändigen
2228 2222 3639 2278 Werken von La Fère gekrönten Höhen nordweftlich
2231 2274 2505 2323 der Stadt.
2326 2326 3642 2382 An Beute haben bisher gemeldet: Heeresgruppe
2225 2377 3639 2434 Kronprinz Rupprecht: 15 000 Gefangene, 250 Ge⸗
2224 2429 3637 2487 ſchütze, Heeresgruppe Deutſcher Kronprinz: 10 000
2224 2482 3584 2540 Gefangene, 150 Geſchütze, 300 Maſchinengewehre.
2326 2616 3643 2669 An der übrigen Weſtfront dauerten die Artillerie⸗
2218 2667 3639 2726 kämpfe zwiſchen Lys und La Baſſéekanal, beiderſeits
2218 2720 3459 2778 von Reims, vor Verdun und in Lothringen fort.
2845 2796 3002 2846 Oſten.
2323 2859 3641 2917 Infolge der durch Neubildung des rumäniſchen Mi⸗
2218 2910 3637 2971 niſteriums hervorgerufenen Verzögerung der Verhandlungen
2215 2963 3635 3023 wurde die Waffenruhe mit Rumänien um drei Tage
2219 3015 2504 3067 verlängert.
2553 3068 3306 3122 Der Erſte Generalquartiermeiſter.
2764 3120 3078 3176 Ludendorfſ.
2445 3295 3403 3361 Oeſterreichiſch⸗ungariſcher Bericht.
2262 3373 3585 3434 Wien, 22. März. (W. T. B.) Amtlich wird gemeldet:
2315 3437 2982 3490 Nichts Beſonderes zu melden.
2916 3504 3583 3563 Der Chef des Generalſtabes.
4154 566 4721 637 Bulgariſcher Bericht.
3840 628 5085 745 Sofia, 22. März. (W. T. B.) Generalſtabsbericht
3731 680 4087 735 vom 21. März.
3822 731 5083 844 Mazedoniſche Front: Zwiſchen Ohrida⸗ ud Prespa⸗
3727 781 5089 887 ſee war das beiderſeitige Artilleriefeuer lebhafter. Oeſtlich
3729 835 5087 946 des Prespaſees ſchoß unſere Artillerie ein feindliches
3728 886 5086 984 Munitionslager in Brand. Im Cernabogen nördlich der
3728 936 5085 1039 Ortſchaft Rapeſch und auf dem Oſtufer bei Ternova nahm
3721 986 5083 1093 die beiderſeitige Artillerietätigkeit zeitweilig an Heftigkeit zu
3725 1040 5081 1143 Weſtlich des Wardar führte die gegneriſche Artillerie mehrere
3725 1091 5083 1198 Feuerüberfälle aus, die unſere Artillerie wirkſam erwiderte.
3720 1143 4915 1236 An der ganzen Front beiderſeits rege Fliegertätigkeit.
3811 1195 4682 1269 Dobrudſchafront: Waffenſtillſtand.
4172 1313 4689 1389 Türkiſcher Bericht.
3822 1380 5073 1483 Konſtantinopel, 21. März. (W. T. B.) Amtlicher
3715 1425 4017 1486 Tagesbericht.
3821 1484 5088 1585 An der Paläſtina⸗Front hält ſich die Artillerietätigkeit
3715 1535 5082 1638 in normalen Grenzen. Die Fliegertätigkeit war lebhafter
3715 1588 5086 1687 Aus den geſtern gemeldeten Flugzeugen, die zur Landung ge⸗
3719 1643 5087 1737 zwungen wurden, konnten zwei Maſchinengewehre erbeutet
3710 1692 3894 1742 werden.
3813 1744 5040 1838 An den anderen Fronten keine beſonderen Ereigniſſe.
3820 1865 5081 1954 An demſelben Tage, an dem die Engländer zwiſchen der
3707 1913 5082 2011 Scarpe und Oiſe eine ſchwere Niederlage erlitten, muß der
3709 1969 5074 2059 engliſche Orientbericht den Verluſt der unter unſäglichen
3711 2021 5074 2107 Mühen erreichten wichtigen Stadt Hit melden, die von den
3712 2071 5081 2164 Türken wieder genommen wurde, wobei eine Menge
3709 2125 5070 2209 Munition und zahlreiche Boote in die Hand der Sieger fielen.
3707 2174 5079 2262 Hit iſt, wie die Engländer ſelbſt ſeinerzeit hervorhoben, als
3710 2228 5071 2313 Karawanen⸗Knotenpunkt für die Verbindung zwiſchen Syrien
3701 2281 4901 2357 und Mefopotamien von außerordentlicher Wichtigkeit.
4160 2420 4686 2478 Der Krieg zur See.
3808 2479 5075 2557 Berlin, 22. März. (W. T. B.) Im Sperrgebiet um
3709 2531 5075 2610 England haben unſere U⸗Boote 20 000 Brutto⸗
3708 2583 5074 2663 Regiſter⸗Tonnen feindlichen Handelsſchiffsraumes
3703 2636 5077 2714 vernichtet. Die Mehrzahl der Schiffe wurde im Aermel⸗
3706 2687 5068 2761 kanal unter der engliſchen Küſte trotz der aufgebotenen ſtarken
3708 2739 5074 2813 feindlichen Bewachungsſtreitkräfte verſenkt. Alle Schiffe waren
3702 2793 5067 2867 beladen; darunter der engliſche Dampfer „Clariſſa
3699 2843 5068 2916 Radcliffe“ (5754 Br.⸗Reg.⸗To) und ein 5000 Br.⸗Reg⸗To.
3701 2897 5068 2972 großer Dampfer mit Munitionsladung. Den Hauptanteil an
3702 2949 4826 3013 den Erfolgen hat Oberleutnant z. S. Warzecha.
4127 3005 5030 3067 Der Chef des Admiralſtabes der Marine.
3805 3064 5073 3135 Las Palmas, 20. März. (Reuter.) Die geſamte Be⸗
3700 3115 5071 3186 ſatzung des Dampfers „Arpilla“ aus Barcelona, der in
3697 3169 5064 3244 der Nähe von Las Palmas am 14. März torpediert wurde,
3699 3221 4819 3281 wurde hier gelandet. Sie beſteht aus 33 Mann.
3798 3283 5067 3354 Kriſtiania, 21. März. (W. T. B.) Die engliſche
3696 3334 5064 3401 Admiralität hat der norwegiſchen Geſandtſchaft in London
3696 3388 5071 3458 mitgeteilt, daß der Dampfer „Nordkyn“ am 14. März im
3694 3438 5063 3508 Atlantiſchen Ozean verſenkt worden ſei, das Schickſal der
3701 3491 4249 3547 Beſatzung ſei unbekannt.
3904 3592 4910 3656 (Fortſetzung des Nichtamtlichen in der Erſten
4146 3648 4658 3704 und Zweiten Beilage.)
1016 3761 1295 3830 Theater.
763 3853 1566 3920 Königliche Schauſpiele. Sonntag:
721 3920 1567 3974 Opernhaus. 79. Dauerbezugsvorſtellung.
715 3967 1572 4018 Dienſt⸗ und Freiplätze ſind aufgehoben.
718 4013 1566 4062 Der Troubadour. Oper in vier Akten
715 4060 1571 4109 von Giuſeppe Verdi. Text nach dem
717 4106 1566 4156 Italieniſchen des Salvatore Camerano.
712 4150 1573 4204 Mufikaliſche Leitung: Herr Generalmuſik⸗
714 4198 1568 4249 direktor Blech. Spielleitung: Herr
712 4242 1571 4297 Bachmann. Chöre: Herr Profeſſor Rüdel.
714 4289 1052 4336 Anfang 7 ½ Uhr.
764 4335 1567 4386 Schauſpielhaus. Nachmittags: 174.
714 4381 1570 4434 Kartenreſerveſatz. Auf Allerhöchſten
716 4425 1568 4480 Befehl: Vorſtellung für die Kriegs⸗
709 4472 1570 4529 Arbeiterſchaft. Könige. Anſang 2 ½ Uhr.
710 4515 1568 4574 (Ueber ſämtliche Platze iſt bereits ver⸗
711 4565 1567 4617 fügt.) — Abends: 81. Dauerbezugs⸗
711 4610 1562 4663 vorſtellung. Dienſt⸗ und Freiplätze ſind auf⸗
713 4658 1561 4707 gehoben. Könige. Ein Schauſpiel in
707 4703 1566 4756 drei Aufzügen von Hans Müller. Spiel⸗
705 4745 1560 4804 leitung: Herr Dr. Bruck. Anfang
711 4795 876 4844 7 ½ Uhr.
760 4839 1559 4894 Montag: Opernhaus. 80. Dauerbezugs⸗
706 4887 1565 4940 vorſtellung. Dienſt⸗ und Freiplätze
708 4933 1557 4986 ſind aufgehoben. Der Evangelimann.
704 4978 1556 5032 Muſikaliſches Schauſpiel in zwei Auf⸗
705 5026 1560 5078 zügen, nach einer von Dr. Leopold Florian
704 5070 1556 5125 Meißner erzählten wahren Begebenheit,
702 5117 1555 5170 von Wilhelm Kienzl. Muſikaliſche Leitung:
703 5156 1557 5216 Herr Kapellmeiſter von Strauß. Spiel⸗
705 5208 1556 5264 leitung: Herr Hertzer. Chöre: Herr
708 5254 1416 5306 Profeſſor Rüdel. Anfang 7 ½ Uhr.
756 5299 1558 5355 Schauſpielhaus. 82. Dauerbezugsvor⸗
708 5344 1551 5402 ſtellung. Dienſt⸗ und Freiplätze ſind auf⸗
705 5392 1555 5447 gehoben. Peer Gyut von Henrik Ibſen.
699 5437 1558 5492 (In zehn Bildern.) In freier Ueber⸗
701 5485 1555 5537 tragung für die deutſche Bühne geſtaltet
698 5530 1551 5583 von Dietrich Eckart. Muſik von Edward
698 5574 1549 5635 Grieg. Muſikaliſche Leitung: Herr
696 5622 1551 5679 Schmalſtich. Spielleitung: Herr Dr. Bruck.
697 5668 1024 5716 Anfang 6 ½ Uhr.
746 5724 1547 5781 Opernhaus. Dienstag: Triſtan und
697 5771 1544 5824 Iſolde. — Mittwoch: Ein Masken⸗
694 5819 1550 5873 ball. — Donnerstag: Hauptprobe für
695 5865 1548 5920 das Symphonie⸗Konzert. — Freitag:
694 5910 1545 5963 Geſchloſſen. — Sonnabend: X. Sym⸗
690 5957 1545 6011 phonie⸗Konzert der Königlichen
689 6001 1462 6056 Kapelle. — Sonntag: Rappelkopf.
740 6048 1543 6101 Schauſpielhaus. Dienstag: Die Braut
687 6094 1540 6147 von Meſſina. — Mittwoch: Die Raben⸗
689 6141 1535 6195 ſteinerin. — Donnerstag: Geſchloſſen. —
685 6187 1536 6241 Freitag: Geſchloſſen. — Sonnabend:
688 6230 1545 6289 Geſchloſſen. — Sonntag: Nathan der
688 6278 850 6325 Weiſe.
719 6380 1537 6460 Deutſches Theater. (Direktion:Max
672 6447 1536 6511 Reinhardt.) Sonntag, Abends 7 Uhr:
682 6496 1298 6550 Die Macht der Finſternis.
726 6542 1535 6606 Montag, Dienstag und Donnerstag:
679 6586 1305 6640 Die Macht der Finſternis.
727 6635 1531 6697 Mittwoch: Ein Sommernachtstraum.
723 6682 1155 6733 Freitag: Geſchloſſen.
725 6728 1298 6780 Sonnabend: Don Carlos.
1795 3768 2262 3820 Kammerſpiele.
1648 3826 2443 3878 Sonntag, Nachmittags 2 ½ Uhr: Zu
1601 3872 2439 3922 kleinen Preiſen: Hedda Gabler. —
1604 3918 2194 3965 Abends 7 ½ Uhr: Zumurun.
1651 3964 2442 4017 Montag, Dienstag, Donnerstag und
1605 4010 2124 4058 Sonnabend: Zumurun.
1650 4056 2332 4109 Mittwoch: Kinder der Freude.
1652 4102 2067 4152 Freitag: Geſchloſſen.
1824 4174 2219 4223 Volksbühne.
1719 4231 2327 4283 (Theater am Bülowplatz.)
1662 4288 2376 4341 (Untergrundbahn Schönhauſer Tor.)
1650 4345 2432 4399 Sonntag, Nachmittags 2 ½ Uhr: Zu
1599 4391 2434 4443 kleinen Preiſen: Jedermann. — Abends
1601 4437 2308 4490 8 Uhr: Hanneles Himmelfahrt.
1650 4484 2115 4533 Montag: Geſpenſter.
1646 4529 2431 4586 Dienstag und Mittwoch: Hanneles
1602 4575 1903 4622 Himmelfahet.
1648 4622 2434 4674 Donnerstag, Nachmittags 2 ½ Uhr: Die
1598 4667 2431 4723 Hermannsſchlacht. — Abends 7 ½ Uhr:
1599 4715 1747 4758 Nora.
1639 4759 2276 4814 Freitag: Geiſtliches Konzert.
1642 4805 2347 4861 Sonnabend: Nathan der Weiſe.
1636 4943 2424 5019 Berliner Theater. Sonntag, Nach⸗
1593 5013 2427 5072 mittags 3 Uhr: Zu ermäßigten Preiſen:
1594 5059 2424 5117 Filmzauber. — Abends 7 Uhr: Blitz⸗
1590 5107 2427 5161 blaues Blut. Operette in drei Akten
1589 5151 2421 5210 von Rudolf Bernauer und Rudolph
1592 5196 2346 5253 Schanzer. Muſik von Walter Kollo.
1635 5243 2424 5303 Montag bis Mittwoch: Blitz⸗
1589 5290 1892 5338 blaues Blut.
1630 5336 2418 5394 Donnerstag und Sonnabend: Erdgeiſt.
1632 5382 2282 5438 Freitag: Karfreitags⸗Konzert.
1627 5523 2417 5598 Theater in der Königgrätzer
1585 5586 2416 5661 Straße. Sonntag, Nachmittags 3 Uhr:
1587 5657 2420 5713 Zu ermäßigten Preiſen: Kameraden. —
1576 5702 2424 5762 Abends 7 ¼ Uhr: Die Helden auf Helge⸗
1580 5752 2414 5806 land (Nordiſche Heerfahrt). Schau⸗
1579 5796 2415 5854 ſpiel in vier Akten von Henrik Ibſen.
1580 5843 2234 5896 Text der großen Geſamtausgabe.
1620 5889 2411 5946 Montag und Mittwoch: Der Katzen⸗
1576 5933 1679 5983 ſteg.
1625 5981 2050 6033 Dienstag: Erdgeiſt.
1624 6027 2415 6087 Donnerstag u. Sonnabend: Die Helden
1577 6073 1919 6121 auf Helgeland.
1623 6119 2410 6177 Freitag: Bibelvorleſung Irene Trieſch.
1615 6253 2408 6328 Komödienhaus. Sonntag, Nach⸗
1569 6326 2409 6383 mittags 3 Uhr: Zu ermäßigten Preiſen:
1572 6373 2412 6430 Die verlorene Tochter. — Abends
1567 6418 2404 6476 8 Uhr: Die Straße nach Steinaych.
1568 6463 2408 6525 Eine ernſthafte Komödie in drei Akten
1567 6511 2037 6557 von Wilhelm Stücklen.
1604 6556 2243 6612 Montag: Der Unbeſtechliche.
1611 6603 2408 6658 Dienstag, Donnerstag und Sonnabend:
1564 6649 2209 6701 Die Straße nach Steinauch.
1609 6695 2347 6750 Mittwoch: Die beidru Seehunde.
1609 6742 2021 6793 Freitag: Geſchloſſen.
2527 3776 3326 3846 Deutſches Künſtiertheater. (Nürn⸗
2478 3842 3331 3898 bergerſtr. 70/71, gegenüber dem Zoologiſchen
2477 3889 3334 3943 Garten.) Sonntag, Nachmittags 3 Uhr:
2475 3935 3334 3988 Zu ermäßigten Preiſen: Der Herr
2473 3981 3329 4036 Senator. — Abends 7 ½ Uhr: Klub⸗
2471 4029 3325 4085 leute. Luſtſpiel in drei Akten von Fritz
2471 4077 2890 4125 Friedmann⸗Frederich.
2516 4120 3271 4176 Montag bis Mittwoch: Klubleute.
2518 4167 2927 4216 Donnerstag: Liebe.
2519 4213 2941 4265 Freitag: Geſchloſfen.
2516 4259 3322 4314 Sonnabend: Baumeiſter Solneß
2471 4305 3110 4360 (Auftreten Albert Baſſermann).
2514 4423 3323 4492 Leſſingtheater. Sonntag, Nachmitt.
2468 4491 3324 4548 3 Uhr: Zu ermäßigten Preiſen: Die
2469 4537 3319 4589 Menſcheufreunde. — Abends 7 Uhr:
2467 4584 3322 4638 Nach Damaskus, erſter Abend. Von
2469 4631 2856 4677 Auguſt Strindberg.
2511 4675 3316 4733 Montag und Sonnabend: Nach Da⸗
2467 4726 3024 4774 maskus. zweiter Abend.
2506 4769 2866 4817 Dienstag: Liebe.
2514 4814 3316 4870 Mittwoch: Nach Damaskus, erſter
2465 4861 2627 4907 Abend.
2504 4907 3061 4962 Donnerstag: Veer Gyut.
2514 4953 2921 5006 Freitag: Geſchloſſen.
2502 5050 3315 5129 Schillertheater. O. (Wallner⸗
2460 5120 3318 5183 theater.) Sonntag, Nachmittags
2454 5172 3314 5227 3 Uhr: Zu ermäßigten Preiſen: Hinter
2455 5218 3318 5274 Mauern. — Abends 7 ½ Uhr: Hopfen⸗
2454 5267 3313 5323 raths Erben. Voltsſtück mit Geſang
2451 5307 3308 5367 in fünf Aufzügen von Heinrich Wilken.
2454 5356 3062 5412 Muſik von Guſtav Michaelis.
2498 5403 3307 5466 Montag und Mittwoch: Hopfen⸗
2459 5450 2755 5496 raths Erben.
2506 5495 3308 5552 Dienstag und Sonnabend: Kabale
2455 5543 2696 5591 und Liebe.
2495 5587 3279 5645 Donnerstag: Profeſſor Bernhardi.
2504 5634 2913 5688 Freitag: Geſchloſſen.
2497 5702 3303 5759 Charlottenburg. Sonntag, Nach⸗
2454 5749 3305 5805 mittags 3 Uhr: Zu ermäßigten Preiſen:
2459 5796 3302 5852 Schneider Wibbel. — Abends 7 ½ Uhr:
2451 5839 3301 5900 Othello, der Mohr von Venedig.
2451 5886 3303 5944 Trauerſpiel in fünf Akten von William
2450 5932 2700 5980 Shak ſpeare.
2499 5979 3299 6038 Montag, Mittwoch und Sonnabend:
2449 6024 2635 6071 Othello.
2497 6070 3025 6124 Dienstag: Der Reviſor.
2498 6116 3013 6170 Donnerstag: Die Ehre.
2490 6162 3297 6224 Freitag: Oratorium Die Schöpfung.
2495 6209 3300 6266 Mittwoch, Nachmittags 3 Uhr: Wil⸗
2441 6255 2690 6307 helm Tell.
2492 6361 3295 6433 Deutſches Opernhaus. (Char⸗
2440 6429 3297 6484 lottenburg, Bismarck⸗Straße 34 — 37.
2440 6474 3291 6534 Direktion: Georg Hartmann.) Sonntag,
2441 6521 3298 6579 Nachmittags 2 ½ Uhr: Zu ermäßigten
2440 6567 3295 6623 Preiſen: Die luſtigen Weiber von
2437 6614 3295 6670 Windſor. — Abends 7 Uhr: Hoff⸗
2434 6661 3294 6721 manns Erzählungen. Phantaſtiſche
2435 6707 3293 6760 Oper in drei Bildern, einem Vorſpiel und
2436 6753 3292 6809 einem Epilog nach Th. Amadeus Hoff⸗
3362 3782 4217 3835 manns, Novellen von Jules Barbier.
3363 3827 4001 3884 Muſik von Jacques Offenbach.
3410 3874 3906 3925 Montag: Liebesketten.
3411 3922 4146 3974 Dienstag: Die verkaufte Braut.
3406 3967 3997 4022 Mittwoch: Der Freiſchütz.
3410 4014 3865 4063 Donnerstag: Fidelio.
3410 4060 4074 4114 Freitag: Karfreitags⸗Konzert.
3406 4107 4149 4161 Sonnabend: Der Waffenſchmied.
3407 4214 4211 4283 Komiſche Oper. (An der Weiden⸗
3355 4277 4214 4337 dammer Brücke.) Sonntag, Nachmittags
3357 4326 4209 4381 3 ½ Uhr: Zu ermäßigten Preiſen:
3358 4371 4210 4431 Die Kinokönigin. — Abends 7 ½ Uhr:
3358 4417 4213 4474 Schwarzwaldmädel. Operette in drei
3358 4462 4208 4523 Akten von Auguſt Neidhart. Muſik
3355 4514 3685 4562 von Leon Jeſſel.
3396 4559 4206 4618 Montag und folgende Tage: Schwarz⸗
3355 4607 3620 4651 waldmädel.
3401 4652 3825 4704 Freitag: Geſchloſſen.
3399 4758 4206 4829 Theater des Weſtens. (Station:
3352 4826 4201 4882 Zoologiſcher Garten. Kantſtraße 12.)
3350 4872 4200 4929 Sonntag, Nachmittags 3 ½ Uhr: Zu
3347 4917 4205 4971 kleiaen Preiſen: Ein Walzertraum.
3351 4966 4209 5021 — Abends 7 ½ Uhr: Ludwig XIV.
3350 5011 4202 5065 Drei Akte von Paul Frank und Julius
3347 5058 4202 5112 Wilhelm. — Vorher: Der Regiments⸗
3346 5106 4201 5160 zauberer. Operette in einem Akt von
3347 5151 4205 5206 Clairville. Muſik von Jacques Offenbach.
3389 5196 4199 5251 Montag und folgende Tage: Lud⸗
3343 5244 4202 5299 wig XIV. — Vorher: Der Regiments⸗
3344 5292 3565 5337 zauberer.
3392 5335 3944 5391 Freitag: Die Schöpfung.
3383 5443 4193 5513 Neues Operettenhaus. Sonntag,
3339 5509 4197 5567 Nachmittags 3 Uhr: Zu ermäßigten
3337 5555 4196 5610 Preiſen: Der Oberſteiger. — Abends
3336 5601 4190 5653 7 ¼ Uhr: Der Soldat der Marie.
3336 5647 4195 5701 Operette in drei Akten von Bernhard
3340 5693 4192 5750 Buchbinder, Jean Kren und Alfred Schön⸗
3339 5739 3938 5795 feld. Muſik von Leo Aſcher.
3380 5848 4188 5922 Thrater am Nollendorfplatz.
3335 5913 4193 5966 Sonntag, Nachmittags 3 ½ Uhr: Zu er⸗
3330 5960 4193 6016 mäßigten Preiſen: Immer ſeſte druff!
3333 6007 4189 6058 — Abends 7 Uhr: Drei alte
3335 6052 4189 6105 Schachteln. Operette in einem Vorſpiel
3331 6100 4181 6153 und drei Akten von Hermann Haller.
3330 6144 4188 6200 Geſangstexte von Riheamus. Muſik von
3331 6190 3626 6238 Walter Kollo.
3369 6236 4188 6291 Montag bis Donnerstag u. Sonnabend:
3332 6283 3820 6333 Drei alte Schachteln.
3377 6328 4187 6386 Freitag: Konzert: Julia Culp und
3328 6374 3585 6422 Maria Fein.
3373 6421 4178 6475 Mittwoch, Donnerstag und Sonnabend,
3331 6466 4179 6524 Nachmittags 3 ¼ Uhr: Minua von Baru⸗
3329 6513 3456 6561 helm.
3370 6609 4180 6676 Luſtſpielhaus. (Friedrichſtraße 236.)
3327 6674 4183 6729 Sonntag, Nachmittags 3 ¼ Uhr: Zu er⸗
3325 6720 4186 6774 mäßigten Preiſen: Ein toller Ein⸗
3323 6766 4184 6821 fall. — Abends 7 ¾ Uhr: Die
4255 3796 5053 3846 blouden Mädels vom Linden⸗
4252 3841 5047 3897 hof. Schwank in drei Akten von Georg
4252 3885 4494 3932 Okonkowski.
4302 3933 5050 3987 Montag und folgende Tage: Die
4245 3979 4984 4033 blonden Mädels vom Lindenhof.
4280 4026 4721 4077 Freitag: Geſchloſſen.
4298 4119 5047 4188 Thaliatheater. (Dresdenerſtr. 72/73.)
4251 4187 5049 4241 Sonntag, Nachmittags 3 Uhr: Zu er⸗
4247 4234 5053 4284 mäßigten Preiſen: Egon und ſeine
4251 4280 5052 4333 Frauen. — Abends 7 ¼ Uhr: Unter der
4249 4328 4639 4374 blühenden Linse.
4290 4374 5051 4425 Montag bis Mittwoch: Unter der
4246 4420 4643 4465 blühenden Linde.
4292 4466 5046 4515 Donnerstag und Sonnabend: Der
4248 4512 4569 4559 Hüttenbeſitzer.
4293 4559 4712 4607 Freitag: G ſchloſſen.
4283 4648 5050 4713 Birkus Buſch. Sonntag: 2 große
4242 4720 5038 4773 Vorſtellungen. Nachmittags 3 ½ Uhr
4242 4765 5043 4817 und Abends 7 ½ Uhr. In beiden Vor⸗
4241 4812 5042 4863 ſtellungen: Die phantaſtiſche Pantomime
4241 4856 5036 4912 Mondſahrt. Verfaßt von Paula Buſch.
4241 4901 5044 4955 Eingeübt von Ballettmeiſter R. Riegel.
4239 4949 5033 5001 — Außerdem in beiden Vor⸗
4238 4998 5041 5046 ſtellungen: das vollſtändig neue
4237 5039 5047 5094 März⸗Programm. (Nachmittags hat
4236 5083 5037 5140 jeder Erwachſene ein angehöriges Kind
4235 5131 5032 5186 frei auf allen Sitzplätzen, jedes weiter
4234 5181 4737 5232 Kind zahlt halbe Preiſe.)
4283 5221 5032 5279 Montag und folgende Tage: Mond⸗
4234 5268 5032 5324 fahrt und das vollſtändig neue März⸗
4236 5320 4503 5371 Programm.
4282 5369 4695 5417 Freitag: Geſchloſſen.
4327 5540 4958 5614 Familiennachrichten.
4230 5619 5032 5682 Verlobt: Frl. Carola Wahl mit Hrn.
4280 5667 5031 5728 Dr. jur. Herbert Roßner (Charlotten⸗
4272 5710 5026 5775 burg). — Frl. Lotte Kuhnert mit Hrn.
4273 5755 5026 5817 Oberleutnant Werner Morgenbeſſer
4269 5816 4491 5866 (Cottbus).
4224 5841 5031 5916 Geboren: Eine Tochter: Hrn. Haupt⸗
4271 5890 5022 5956 mann Gerhard von Koenig (Breslau).
4227 5933 5026 6005 Geſtorben: Hr. Wilhelm von der Oſten
4273 5981 5031 6051 (Gutzmio, Kr. Schlawe i. Pomm.). —
4269 6030 5025 6097 Eliſe Freifr. von dem Busſche⸗Harden⸗
4269 6069 5015 6147 hauſen, geb. Freiln von Bülow (Celle).
4339 6229 4933 6291 Verantwortlicher Schriftleiter:
4223 6265 5023 6339 Direktor Dr. Tyrol in Charlottenburg⸗
4269 6330 4984 6406 Verantwortlich für den Anzeigenteil:
4302 6383 4952 6454 Der Vorſteher der Geſchäftsſtelle,
4237 6424 5007 6500 Rechnungsrat Mengering in Berlin.
4214 6486 5020 6570 Verlag der Geſchäftsſtelle (Mengering)
4513 6558 4765 6611 in Berlin.
4217 6600 5016 6681 Druck der Norddeutſchen Buchdruckerei und
4215 6644 5010 6734 Verlagsanſtalt, Berlin, Wilhelmſtraße 32.
4390 6742 4852 6813 Sieben Beilagen.
6845 398 8013 526 Erſte Beilage
5470 525 9389 714 zum Deutſchen Reichsanzeiger und Königlich Preußiſchen Staatsanzeiger.
5297 724 5619 833 No. 71.
6891 736 8017 826 Berlin, Sonnabend, den 23. Marz
9282 738 9597 842 1918.
6522 908 6895 1000 Amtliches.
6305 1031 7093 1098 Königreich Preußen.
6358 1117 7020 1172 Miniſterium des Innern.
5471 1196 8153 1266 In der Woche vom 10. März bis 16. März 1918 auf Grund der Bundesratsverordnung vom 15. Februar 1917
5280 1244 6734 1323 über Wohlfahrtspflege während des Krieges genehmigte
5739 1310 6487 1365 1) öffentliche Sammlungen,
5741 1373 6587 1427 2) Vertriebe von Gegenſtänden.
5455 3292 6094 3354 Berlin, den 21. März 1918.
6097 3356 7278 3416 Der Miniſter des Innern. J. A.: von Jarotzky.
5650 3562 6248 3645 Parlamentsbericht*)
5691 3679 6223 3733 Deutſcher Reichstag.
5360 3742 6543 3812 145. Sitzung vom 22. März 1918, Mittags 12 Uhr.
5536 3827 6368 3877 (Bericht von Wolffs Telegraphen⸗Büro.)
5359 3890 6651 3949 Am Tiſche des Bundesrat: der Stellvertreter des Reichs⸗
5267 3945 6651 4003 kanzlers, Wirklicher Geheimer Rat von Payer, die Staats⸗
5261 3996 6654 4056 miniſter, Staatsſekretär des Reichsſchatzamts Graf von
5264 4048 6647 4103 Roedern und Staatsſekretär des Innern Wallraf,
5265 4100 6499 4159 der Staatsſekretär des Reichsjuſtizamts von Krauſe.
5359 4161 6648 4221 Erſter Vizepräſident Dr. Paaſche eröffnet die Sitzung
5267 4220 5572 4273 um 12 ¼ Uhr.
5358 4274 6652 4334 Auf der Tagesordnung ſtehen zunächſt fünf An⸗
5268 4333 5469 4386 fragen.
5340 4391 6646 4445 Abg. Doormann (fortſchr. Volksp.) fragt, welche Vorſichts⸗
5267 4437 6647 4491 maßregeln anläßlich des Entkommens zweier Fliegeroffiziere aus deut⸗
5263 4483 6646 4539 ſcher Gefangenſchaft getroffen ſind, um ähnlichen Vorkommniſſen nach
5267 4530 5736 4583 Möglichkeit vorzubeugen.
5347 4569 6640 4627 Oberſt Rohde: Durch ſchärfſte Abſchließung von der Außen⸗
5271 4621 6649 4675 welt, die ſowohl durch bauliche Einrichtungen als durch ſtändige Be⸗
5271 4668 6644 4721 wachung erreicht wird, ſind Vorkehrungen ſeitens der deutſchen Heeres⸗
5271 4710 6644 4765 verwaltung getroffen, um eine Flucht feindlicher Kriegsgefangener
5271 4757 6646 4810 möglichſt auszuſchließen. Trotzdem läßt es ſich bei der Menge der
5266 4804 6640 4859 Kriegsgefangenen und der gebotenen Einſchränkung des Bewachungs⸗
5268 4848 6646 4903 perſonals nicht verhindern, daß es einzelnen gelingt, zu entweichen.
5268 4891 6646 4949 Im vorliegenden Falle waren alle Vorkehrungen getroffen, um ein
5272 4929 6647 4993 Entkommen der beiden franzöſiſchen Flieger zu verhindern. Ihre
5271 4983 6641 5040 Flucht iſt nach den bisherigen Feſtſtellungen nur dadurch möglich ge⸗
5271 5027 6646 5084 worden, daß ihnen verbrecheriſche Beihilfe geleiſtet worden iſt. Die
5271 5076 6404 5133 Unterſuchung iſt eingeleitet, aber noch nicht abgeſchloſſen.
5346 5131 6644 5187 Abg. Büchner (U. Soz.) fragt, was der Reichskanzler zu tun
5270 5177 6646 5233 gedenkt, daß das Briefgeheimnis ſeitens der Militärbehörden
5271 5224 6648 5279 gewahrt wird. Ein Brief an den Anfragenden aus Danzig war von
5272 5270 6337 5326 der Poſt der politiſchen Polizei ausgehändigt worden.
5347 5322 6639 5379 General von Wrisberg: Gegen den Frageſteller iſt
5267 5367 6647 5429 durch den zuſtändigen Militärbefehlshaber eine zeitweiſe Brief⸗
5266 5414 6647 5474 überwachung angeordnet worden, nachdem feſtgeſtellt war, daß eine
5266 5457 6650 5518 ander Perſon eine ihm ausdrücklich verbotene Werbetätigkeit im
5274 5504 6651 5565 Here unter der Deckadreſſe des Frageſtellers fortſetzte. Es wurde bei
5273 5550 6646 5611 dieſer Gelegenheit ein Brief des in der Anfrage erwähnten Ein⸗
5272 5597 6652 5657 berufers der Verſammlung angehalten, in dem der Abſender den
5272 5638 6646 5702 Verſuch machte, ſich mit dem Abg. Büchner über eine Ausſage in
5264 5687 6640 5745 einem zu erwartenden Gerichtsverfahren zu verſtändigen. Zu der
5268 5730 6642 5794 Anordnung der Briefüberwachung war der Militärbefehlshaber auf
5272 5777 6644 5843 Grund des Geſetzes über den Belagerungszuſtand berechtigt. Die
5276 5822 6644 5888 Briefüberwachung iſt am 13. Februar 1918 wieder aufgehoben worden.
5335 5877 6644 5938 Abg. Dr. Müller⸗Meiningen (fortſchr. Volksp.) fragt, ob der
5266 5921 6644 5988 Reichskanzler bereit iſt, für die ſofortige Entlaſſung bezw. Nichtein⸗
5270 5971 6639 6034 tellung des Landſturmjahrganges 69 zu ſorgen, um dieſer drückenden
5274 6017 6089 6080 Ungleichheit der Behandlung zu begegnen.
5341 6062 6638 6124 General von Wrisberg: Die augenblickliche Lage im Oſten
5277 6109 6642 6162 geſtattet nunmehr, die Entlaſſung des Jahrganges 69 durchzuführen.
5279 6154 6648 6215 Sie wird im Laufe des April erfolgen. Ueber die Entlaſſung des
5274 6197 6639 6262 Jahrgangs 70 kann eine Entſcheidung zurzeit noch nicht getroffen
5272 6242 5405 6297 werden.
5350 6289 6643 6355 Abg. Ryſſel (U. Soz.) fragt nach gleichmäßiger Behandlung
5273 6333 6650 6401 der Tageszeitungen. Das Leipziger Garniſonkommando hatte die
5277 6376 6643 6452 Verbreitung der „Leipziger Volkszeitung“ unter den Soldaten ver⸗
5273 6421 5387 6484 boten.
5351 6540 6649 6600 *) Ohne Gewähr, mit Ausnahme der Reden der Miniſter und
5283 6579 5580 6657 Staatsſekretäre,
6821 3560 8112 3608 Oberſtleutnant Schulz: Eine Antwort kann zurzeit nicht
6727 3609 7034 3654 gegeben werden.
6816 3648 8110 3703 Abg. Dr. Herzfeld (U. Soz.) verlangt, daß auch der
6720 3697 8112 3746 Unabhängigen Sozialdemokratie in Braunſchweig Gelegenheit ge⸗
6727 3743 8107 3792 geben wird, in Verſammlungen zur Wahlreform des Landes Stellung
6722 3791 6949 3836 zu nehmen.
6802 3843 8110 3892 General von Wrisberg: Eine Verſammlung der Unab⸗
6726 3892 8111 3941 hängigen Sozialdemokratie in Braunſchweig iſt verboten worden,
6714 3937 8116 3984 weil Redner ſprechen ſollten, die vorausſichtlich verhetzend gewirkt
6727 3982 8115 4029 haben würden. Mitgliederverſammlungen der Unabſhängigen Sozial⸗
6727 4025 8110 4075 demokratie ſind im Jahre 1918 in Braunſchweig bei der Polizei noch
6723 4072 8110 4121 nicht angemeldet worden, im Jahre 1917 jedoch wiederholt genehmigt
6723 4118 8111 4167 und abgehalten worden. Es iſt den Wirten nicht verboten worden,
6719 4163 8115 4211 ihre Säle für ſolche Verſammlungen herzugeben, ebenſowenig den
6718 4208 8108 4258 Zeitungen, Verſammlungsanzeigen aufzunehmen. Nur während des
6724 4254 8110 4303 Streiks waren in allen politiſchen Parteien Verſammlungen verboten.
6719 4300 8104 4347 Eine willkürliche Beſchränkung des Verſammlungsrechts der Unab⸗
6723 4343 8041 4396 hängigen Sozialdemokratie in Braunſchweig liegt ſomit nicht vor.
6823 4399 8113 4457 Darauf wird das Notetatsgeſetz, durch welches für
6718 4451 8114 4505 die Monate April, Mai, Juni 1918 die Ermächtigung zur
6716 4500 8110 4559 Leiſtung aller notwendigen und geſetzlich begründeten Ausgaben
6718 4556 8113 4611 erteilt wird, in zweiter Leſung ohne Erörterung angenommen
6719 4604 8109 4661 und darauf ſofort auch in dritter Leſung endgültig verab⸗
6718 4656 8108 4711 ſchiedet, desgleichen der Geſetzentwurf, betreffend die vorläufige
6718 4706 7639 4765 Regelung des Etats für die Schutzgebiete.
6818 4770 8106 4827 Es folgt die dritte Beratung des vierten Nachtrags zum
6718 4822 8110 4879 Etat für 1917, wodurch ein weiterer Kriegsanleihe⸗
6709 4874 8036 4929 kredit von 15 Milliarden Mark gefordert wird.
6805 4937 8107 4987 Abg. Ebert (Soz.): Die Reichsleitung hat den Völkern in
6714 4982 8108 5035 Polen, Litauen und Kurland das Recht zugeſichert, die künftige Geſtal⸗
6715 5027 8107 5080 tung ihres Schickſals ſelbſt zu beſtimmen. Von der Durchführung dieſer
6716 5071 8105 5126 Zuſicherungen hängt es ab, wie künftig die Welt die Politik des Reiches
6715 5119 8098 5170 beurteilt. Auch die Mehrheit des Reichstages hat ſich für die gerechte
6714 5165 8100 5218 Ausführung dieſer Zuſicherung eingeſetzt, und wir erwarten vom Reichs⸗
6717 5210 8102 5263 kanzler, daß er ſich durch keinerlei Widerſtände von der Erfüllung
6713 5256 8109 5308 dieſer Pflicht abhalten läßt (ſehr richtig! bei den Soz.), daß er
6718 5301 8105 5355 alles daran ſetzt, daß den Randvölkern im Oſten der Ausbau ihres
6708 5347 8105 5400 ſtaatlichen Lebens nach freier Entſchließung gewährleiſtet wird.
6713 5391 8104 5447 Im. Weſten ſind leider keine Ausſichten auf Frieden. Wir
6710 5438 8099 5491 haben unſer möglichſtes getan, um auch dort das Blutver⸗
6713 5483 8101 5539 gießen zu beenden. Der Reichskanzler hat am 25. Februar
6709 5525 8104 5581 den vier Leitſätzen Wilſons für einen allgemeinen Frieden
6709 5574 8095 5631 grundſätzlich zugeſtimmt und ſich bereit erklärt, mit der bel⸗
6714 5619 8103 5675 giſchen Regierung über die Regelung der belgiſchen Frage in Ver⸗
6715 5660 8108 5720 bindung zu treten. Eine Antwort darauf iſt weder von Wilſon noch
6718 5709 8107 5763 von der belgiſchen Regierung gegeben worden. Dagegen haben ſich
6715 5754 8103 5808 die Staatsmänner in England, Frankreich und Italien entſprechend
6713 5801 8105 5856 den Verſailler Beſchlüſſen für die Fortſetzung des Krieges ausge⸗
6717 5845 8105 5903 ſprochen. In England iſt der letzte Kriegskredit — der größte im
6715 5888 8101 5947 Kriege — einſtimmig bewilligt worden, in Frankreich hat die Depu⸗
6720 5937 8104 5995 tiertenkammer die Mittel für die Fortſetzung des Krieges mit allen
6718 5980 8104 6038 gegen fünf Stimmen bewilligt. So befindet ſich unſer Land nach
6716 6023 8099 6087 Weſten noch immer in der Verteidigung gegen Feinde, die an Zahl
6715 6071 8101 6128 überlegen ſind und die Lebensintereſſen unſeres Volkes bedrohen. Wir
6715 6115 8101 6172 werden deshalb dem geforderten Kriegskredit zuſtimmen. (Lebhafter
6716 6160 8094 6220 Beifall.) Aber die Verſchwendung von Reichsmitteln für Kriegs⸗
6713 6206 8097 6263 material muß endlich beſeitigt werden. Die Schuld an dieſem unge⸗
6713 6251 8102 6309 heuren Skandal liegt nicht nur bei den Militärbehörden, ſondern
6715 6296 8096 6354 auch bei der Reichsleitung; die Reichsſchatzverwaltung hätte längſt
6717 6341 8098 6397 mit eiſernem Beſen dazwiſchen fahren müſſen. Wir verlangen deshalb
6713 6387 8100 6443 vom Reichskanzler eine ausreichende Ueberwachung der Betriebe und
6719 6429 8094 6494 ſorgfältige Prüfung der Preiſe. Die Handhabung des Belagerungs⸗
6718 6477 8101 6535 zuſtandes ferner muß geändert werden. Einige Militärkommandos
6715 6521 8104 6582 ſchalten und walten im politiſchen und geiſtigen Leben wie auf dem
6718 6565 8101 6629 Kaſernenhof. Das Generalkommando in Breslau drangſaliert unſere
8201 923 9592 983 Partei und die Gewerkſchaften mit einer wahren Wolluſt. Es ver⸗
8201 972 9588 1029 hindert nicht nur öffentliche, ſondern auch Mitgliederverſammlungen
8198 1018 9584 1075 unſerer Partei und verbietet uns die Werbung von Mitgliedern.
8203 1062 9587 1120 Aehnlich wird das Verſammlungsrecht der Gewerkſchaften behandelt.
8197 1104 9591 1164 Der einzige Erfolg dieſer ſinnloſen Raſerei iſt, daß geſunder Sinn
8196 1152 9590 1209 und der Wille der Arbeiter ſyſtematiſch vernichtet werden. Bei Ueber⸗
8202 1196 9587 1256 griffen von Arbeitern ſchlägt man hier mit der Fauſt auf den Tiſch.
8201 1242 9589 1298 Aber die Beſchwerden des Generalkommandos in Breslau be⸗
8200 1286 9582 1345 ſchäftigen ſeit Monaten den Reichstag und das Kriegsminiſterium,
8201 1331 9585 1391 ohne daß eine Verbeſſerung eintritt. Hat denn das Kriegs⸗
8201 1379 9581 1437 miniſterium auf das Generalkommando in Breslau keinerlei Einfluß,
8199 1421 9590 1480 oder gilt die Diſziplin nicht auch für die kommandierenden
8199 1464 9583 1525 Generale? Der Militärgewalt muß durch geſetzliche Maßnahmen
8199 1510 9581 1569 ein Riegel vorgeſchoben werden. (Zuſtimmung bei den Soz.)
8198 1556 9584 1613 Unſer Volk trägt mit Ausdauer die Laſten und Opfer des
8194 1603 9586 1662 Krieges und muß von häßlichen politiſchen Schikanen verſchont
8195 1645 9580 1708 bleiben. Die Ueberführung unſerer Volkswirtſchaft in den Friedens⸗
8199 1692 9583 1749 zuſtand erfordert durchgreifende politiſche Maßnahmen. General
8193 1738 9581 1793 Langermann hat im November erklärt, daß eine Novelle zum Ver⸗
8197 1782 9580 1837 ſorgungsgeſetz für die Kriegsbeſchädigten und deren Hinterbliebene
8194 1827 9583 1884 im Kriegsminiſterium fertiggeſtellt ſei; ſie iſt uns noch nicht zu⸗
8194 1874 9582 1927 gegangen. Auch der Entwurf für Arbeitskammern und für die Auf⸗
8194 1918 9581 1972 hebung des § 153 der G. O. liegt noch nicht vor. Unerläßlich iſt
8191 1962 9583 2015 die geſetzliche Regelung der Arbeitsvermittelung durch eine über das
8191 2010 9577 2063 ganze Reich verzweigte Organiſation auf paritätiſcher Grundlage.
8193 2050 9581 2106 Aber ſelbſt damit werden nicht alle heimkehrenden Krieger in Be⸗
8195 2099 9580 2150 ſchäftigung gebracht werden können und deshalb muß die Arbeits⸗
8190 2143 9582 2196 loſenverſicherung in Angriff genommen werden. Für die Wohnungs⸗
8194 2188 9580 2240 frage reicht die private Bautätigkeit nicht aus, Bundesſtaaten und
8195 2234 9578 2286 Gemeinden werden tatkräftig eingreifen müſſen und das Reich muß
8191 2277 9580 2331 Reichsmittel dazu hergeben. Wir ſtehen vor einem blutigen Zu⸗
8186 2322 9581 2375 ſammenſtoß im Weſten, vielleicht dem furchtbarſten während des
8191 2370 9582 2418 ganzen Krieges, den wir leider nicht verhindern konnten. Dennoch
8187 2413 9583 2468 iſt es unabweisbare Pflicht der Reichsregierung, ſobald im Weſten
8189 2458 9580 2512 ſich Verſtändigungsmöglichkeiten zeigen, die die Lebensintereſſen
8190 2504 9578 2557 unſeres Landes reſpektieren, alles zu tun, um der gequälten Menſch⸗
8191 2549 9584 2602 heit endlich den langerſehnten allgemeinen Frieden zu geben. (Beifall
8190 2594 8727 2642 bei den Sozialdemokraten.)
8286 2640 9578 2690 Abg. Graf von Weſtarp (dkonſ.): Ein Teil dieſer
8189 2684 9572 2736 Ausführungen würde uns Veranlaſſung zur Antwort geben,
8190 2733 9573 2782 namentlich die Ausführungen über die Verhältniſſe in Polen,
8191 2778 9578 2827 Litauen und Kurland. Dieſe Themata ſind ſchon ausführ⸗
8182 2821 9575 2874 lich behandelt worden. (Abg. Ebert: Aber Aenderung ſchaffen,
8185 2868 9582 2921 darauf kommt es an!) Meine Freunde ſind der Meinung, daß die
8189 2913 9580 2964 Bewilligung der Kreditvorlage in dieſer Stunde beſſer von ſolchen
8187 2958 9583 3010 Erörterungen freigehalten würde. (Sehr richtig!) Deshalb wollen
8185 3006 9580 3053 wir auf Einzelheiten jetzt nicht eingehen. Gerade jetzt, wo im Weſten
8184 3050 9580 3097 die ſchweren und blutigen Entſcheidungen bevorſtehen, wäre es er⸗
8180 3095 9579 3145 wünſcht geweſen, wenn die Mittel zur Durchführung dieſes Kampfes
8185 3142 9207 3189 ohne eine derartige Erörterung bewilligt würden.
8268 3184 9573 3238 Abg. Bernſtein (U. Soz.): Namens der Unabhän⸗
8184 3232 9577 3280 gigen Sozialdemokraten habe ich zu erklären: Die Kriegs⸗
8183 3278 9577 3326 kredite werden mit dieſer Vorlage ſchon auf 124 Milliarden
8186 3323 9576 3371 Mark gebracht. Die Verzinſung und Tilgung erfordern
8181 3365 9577 3417 jährlich viele Milliarden. Die Abneigung der herrſchenden Klaſſen
8179 3416 9577 3463 gegen Vermögens⸗ und Einkommenſteuern nötigt zur Deckung durch
8182 3459 9575 3506 Monopole und indirekten Steuern und verteuert die wirtſchaftlichen
8185 3504 9576 3553 Bedingungen des Volkes, während das Großkapital geſtärkt wird.
8186 3548 9576 3598 Jede Verlängerung des Krieges vermehrt unabſehbar das Elend.
8187 3594 9579 3643 Der Krieg ſelbſt wird grauſam geführt und wütet mörderiſch. Die
8188 3638 9576 3687 Reichsregierung iſt dafür mitverantwortlich, ſie hätte ihn verhüten
8186 3684 9581 3733 können. Die Regierung hat den Friedenswillen der ſozialiſtiſchen
8185 3728 9582 3777 Regierung in Rußland benutzt, dieſem Bedingungen aufzuerlegen, die
8180 3774 9579 3820 beim ruſſiſchen Volk entrüſteten Proteſt hervorgerufen haben. Damit
8178 3819 9577 3866 wird die Herſtellung eines freundſchaftlichen Verhältniſſes zwiſchen
8182 3862 9575 3911 dem deutſchen und dem ruſſiſchen Volke auf unabſehbare Zeit ver⸗
8184 3907 9574 3956 hindert. Während man von Befreiung ſpricht, wird volle Gewalt
8182 3955 9572 4002 gebraucht. Wir verurteilen die Politik gegen Polen und Rumänien.
8184 3999 9573 4045 Belgien iſt unerhörter Unterdrückung preisgegeben. Das ſteht in
8184 4044 9573 4091 ſchroffem Widerſpruch zu dem völkerrechtlichen Grundſatz, daß das
8177 4088 9570 4136 Volk nach ſeinem eigenen Ermeſſen regiert werden muß. Das macht
8183 4134 9572 4179 jede Verſtändigung unter den Nationen unmöglich und hat dazu
8181 4179 9576 4224 geführt, daß auch in anderen Ländern die friedensfreundlichen Klaſſen
8178 4224 9571 4270 in dem autokratiſchen Militarismus den Feind friedlicher Entwicklung
8176 4269 9574 4315 erblicken. Solange die deutſche Politik von dieſem Geiſte beſtimmt
8176 4313 9569 4361 wird, iſt eine Beendigung des Krieges nicht zu erhoffen. Unſer Volk
8174 4359 9572 4405 und die übrige Welt will den Frieden, wir fordern deshalb den rück⸗
8176 4403 9575 4450 haltloſen Bruch mit dieſer Politik. Ohne das Handinhandarbeiten
8173 4449 9567 4494 der Demokratie der kriegführenden Länder iſt das Ende des Krieges
8173 4494 9567 4540 nicht zu erwarten. Nicht von dem guten Willen der Regierungen,
8178 4539 9571 4584 ſondern von den Völkern wird der Friede gemacht. Von
8178 4585 9575 4631 dieſem Gedanken beſeelt, verweigern wir den geforderten
8178 4629 9574 4677 Kredit. Zur Begründung dieſer Erklärung brauche ich nur auf
8175 4675 9571 4722 die gewaltigen Laſten zu verweiſen, die dem Volke allein aus der
8173 4720 9570 4766 Verzinſung der 124 Milliarden Kriegsſchulden erwachſen werden.
8177 4765 9568 4811 Selbſt wenn eine Vermögensabgabe, ſteigend bis 50 Prozent erhoben
8173 4810 9572 4855 würde, ſo blieben doch noch 86 ½ Milliarden übrig, die jährlich etwa
8174 4854 9563 4902 6 Milliarden für Verzinſung und Amortiſation erfordern würden.
8176 4900 9566 4946 Dieſe Summen können gar nicht durch direkte Steuern aufgebracht
8173 4946 9567 4991 werden. Es werden dann Staatsmonopole und indirekte Steuern
8174 4990 9566 5036 kommen, die dem arbeitenden Volke unerhörte Laſten auferlegen.
8178 5035 9569 5081 (Sehr wahr! bei den U. Soz.) Die Bewilligung ſolcher Milliarden⸗
8176 5080 9568 5126 forderungen iſt kein Patriotismus, ſondern es iſt Nationalismus und
8178 5125 9571 5172 Imperialismus. (Sehr wahr! bei den U. Soz.) Die Hauptfrage iſt
8172 5170 9571 5218 doch, ob die Bewilligung der Kriegskredite uns dem Frieden näher
8173 5213 9570 5263 bringt. (Zurufe: Jawohl, das iſt der Fall!) Nein, wir haben dafür
8176 5260 9570 5307 keine einzige Gewähr, und ich bewundere die Hoffnungs⸗ und Er⸗
8170 5305 9571 5355 wartungsfreudigkeit des Abg. Ebert der Regierung gegenüher. (Sehr
8177 5350 9573 5398 gut! bei den U. Soz.) Auch die Friedensverträge im Oſten bringen
8175 5393 9576 5442 uns nicht dem allgemeinen Frieden näher. Sie ſind ein Frieden
8172 5437 9566 5489 gegen die Demokratie und nicht für die Demokratie. Es ſind Frie⸗
8175 5483 9566 5529 densverträge, die mit Minderheiten abgeſchloſſen ſind und keine Ge⸗
8170 5529 9571 5576 währ der Dauer bieten. Die Behandlung der Bolſchewiki erinnert
8173 5573 9570 5622 an das Wort: Der Mohr hat ſeine Schuldigkeit getan, der Mohr
8174 5618 9563 5666 kann gehen. Man mag zu den Bolſchewiki ſtehen, wie man will,
8169 5663 9572 5711 aber eine Tat von ihnen wird ewig in das Buch der Geſchichte der
8175 5708 9570 5757 Demokratie eingezeichnet ſein, die Erklärung, daß ſie den Fremd⸗
8171 5753 9572 5801 und Randvölkern Rußlands das volle Selbſtbeſtimmungsrecht
8173 5798 9569 5846 zuerkannten bis zur Losreißung von Rußland. Was hat aber
8172 5844 9569 5891 Deutſchland aus dieſem Selbſtbeſtimmungsrecht der Völker gemacht?
8170 5889 9567 5937 Die Regelung der ſtaatsrechtlichen Verhältniſſe ſoll nach dem Wort⸗
8173 5934 9565 5983 laut des Friedensvertrages „im Benehmen“ mit der Bevölkerung
8171 5981 9577 6029 erfolgen, nicht durch die Abſtimmung der Bevölkerung. Die Stimme
8170 6024 9572 6073 der breiten Volksmaſſe iſt in Litauen, in Kurland, in Polen unter⸗
8171 6071 9575 6118 drückt worden; wie die Gebiete dort abgetrennt und ausgetauſcht
8171 6113 9571 6160 werden, das erinnert an die ſchlimmſten Machenſchaften des Wiener
8169 6159 9572 6209 Kongreſſes. Wer den Frieden will, muß doch auf einer Politik be⸗
8160 6203 9570 6253 ſtehen, die die friedensfreundlichen Elemente in den feindlichen Län⸗
8168 6250 9565 6298 dern veranlaßt, mit aller Kraft auch für den Frieden zu kämpfen;
8166 6294 9566 6342 iſt das nach dieſem Friedensvertrage denkbar? Der Krieg hat ſich in
8165 6339 9564 6386 einen deutſchen Eroberungskrieg verwandelt, er hat ſeinen Charakter
8166 6384 9569 6431 geändert; da müßte auch die Mehrheit der Sozialiſten ihren Stand⸗
8162 6428 9563 6475 punkt ändern und die Kredite ablehnen. Mit dieſer Politik iſt auch
8165 6473 9563 6522 keine Verſtändigung der beiden ſozialdemokratiſchen Nichtungen mög⸗
8166 6520 9563 6571 lich, ſo gern ich ſie ſähe, ſo ſehr ich die Spaltung beklage. Dieſe Art,
8164 6564 9576 6613 den Frieden zu diktieren, verlängert den Krieg. Die Regierung hat
5288 1507 5340 1686 Ifbe. Nr.
5307 1787 5347 1838 1
5298 2011 5351 2085 2
5294 2234 5348 2313 3
5294 2472 5350 2526 4
5296 2789 5338 2842 5
5484 1519 5929 1575 Name und Wohnort
5529 1588 5897 1639 des Unternehmers
5388 1773 6041 1824 Verband Deutſcher Blumen⸗
5430 1819 5910 1879 geſchäftsinhaber, Berlin
5385 2003 6043 2061 Hilfswerk für Paläſtina, Berlin
5387 2234 5901 2287 Schweſternſpende, Berlin
5382 2464 5978 2519 Kolonialkriegerſpende, Berlin
5381 2788 6037 2837 Verein jüdiſches Kurhoſpital Bad
5424 2835 5814 2886 Salzbrunn, Berlin
6176 1555 6815 1606 Zu fördernder Wohlfahrtszweck
6460 1720 6919 1771 1) Sammlungen.
6094 1775 6898 1826 Fürſorge für aus dem Kriege zurück⸗
6135 1823 6886 1871 kehrende Binder und zur Unter⸗
6139 1868 6891 1916 ſtützung aus dem Felde zurückkehren⸗
6131 1915 6889 1964 der wirtſchaftlich ſchwacher Verbands⸗
6139 1960 6334 1997 mitglieder
6095 2005 6889 2056 Zum Beſten der notleidenden jüdiſchen
6131 2051 6686 2102 Bevölkerung in Paläſtina
6089 2235 6787 2286 Errichtung einer Schweſternſpende
6093 2465 6891 2513 Fürſorge für Kolonialdeutſche, beſonders
6139 2513 6882 2561 Kolonialkrieger und deren Hinter⸗
6131 2557 6309 2613 bliebene
6092 2784 6888 2842 Zum Beſten der Gewährung freien Unter⸗
6135 2835 6889 2882 halts von Kranken jüdiſchen Glaubens
6137 2881 6891 2928 während des Kuraufenthalts in Bad
6132 2927 6362 2975 Salzbrunn
6988 1495 7279 1543 Stelle, an die
7010 1541 7242 1587 die Mittel
6966 1586 7295 1631 abgeführt werden
7073 1627 7182 1681 ſollen
6949 1781 7211 1830 Der Verband
6948 2011 7184 2059 Der Verein
6936 2232 7281 2288 Die Schweſtern⸗
6969 2289 7117 2332 ſpende
6944 2468 7320 2515 Staatsſekretär des
6987 2515 7287 2563 Reichskolonial⸗
6984 2565 7094 2610 amts
6947 2791 7186 2839 Der Verein
7383 1787 8129 1835 Bis 30 April 1918, Preußen. —
7427 1834 8138 1880 Sammlung von Gel ſpenden mittels
7427 1879 8078 1932 Aufrufe in der Verbandszeitung.
6261 3042 7152 3088 2) Vertrieb von Druckſchriften.
5293 3101 5340 3158 1
5378 3099 6032 3149 Hilſe für kriegsgefangene Deutſche
5401 3146 6006 3195 für die Provinz Weftpreußen
6080 3097 6890 3148 Fortführung der Liebesarbeit innerhalb
6136 3146 6643 3193 der Provinz Weſtpreußen
6943 3101 7298 3149 Der Veranſtalter
7597 1514 7918 1561 Zeit und Bezirk,
7477 1571 8016 1617 in denen das Unternehmen
7578 1627 7904 1674 ausgeführt wird
7378 2015 8139 2063 Bis 31. Oktober 1918, Preußen. —
7423 2061 8134 2109 Geldſammlung mittels Aufrufe in
7419 2108 8129 2155 jüdiſchen Zeitungen. (Verlänge⸗
7411 2154 8128 2201 rung einer bereits erteilten Er⸗
7421 2199 7595 2246 laubnis)
7378 2242 8129 2290 Opfertag am 27. April 1918 inner⸗
7426 2289 8129 2337 halb des Bereichs des Zweckver⸗
7422 2335 8131 2381 bandes Groß Berlins. (Tritt an
7419 2381 8132 2428 Stelle des für den 21. April 1918
7423 2426 7931 2474 genehmigten Opfertages.)
7376 2471 8127 2520 Vom 15. Juni 1918 bis 15. Auguſt
7420 2517 8127 2565 1918, Preußen. — Geldſammlung
7421 2563 8125 2610 mittels Werbebriefe und Subſkrip⸗
7420 2609 8129 2655 tionsliſten. (Tritt an St lle der
7416 2654 8130 2701 urſprünglich für die Zeit vom
7421 2700 8130 2748 15. Mai bis 15. Juni 1918 ge⸗
7421 2746 7902 2795 nehmigten Sammlung.)
7373 2790 8126 2838 Bis 31. Auguſt 1918, Preußen. —
7413 2837 8123 2883 Geldſammlung mittels Aufruf⸗
7417 2884 8125 2929 unter den jüdiſchen Glaubens⸗
7419 2927 8127 2976 genoſſen. (Verlängerung einer be⸗
7419 2974 7942 3020 reits erteilten Erlaubnis.)
7367 3100 8127 3147 Vom 10. März 1918 bis 31. Juli
7415 3146 8125 3194 1918, Provinz Weſtpreußen. —
7416 3192 8123 3241 Vertrieb von Druckſchriften. (Predigt
7410 3237 7775 3286 über Pſalm 126.)
