10136 7848
660 350 2080 436 Miniſterium für Landwirtſchaft, Domänen
1174 423 1560 475 und Forſten.
760 483 2074 560 Die Forſtkaſſenrendantenſtelle für die Oberförſtereien
653 525 2072 615 Neſſelgrund, Reinerz und Carlsberg mit dem Amtsſitz
648 580 2069 663 in Reinerz im Regierungsbezirk Breslau iſt zum 1. Januar
652 632 2064 714 1919 zu beſetzen. Bewerbungen müſſen bis zum 1. Dezember
651 689 981 747 1918 eingehen.
996 819 1692 884 Bekanntmachung.
753 888 2060 960 In Abänderung meiner Bekanntmachung vom 31. Oktober
644 938 2054 1008 1918 wird der Erzeuge höchſtpreis für weiße Kohlrüben
640 989 2052 1064 auf 1 ¾ ₰ für das Pfund feſtgeſetzt. Eine Anfuhrprämie
636 1042 1538 1109 wird für weiße Kohlrüben nicht gezahlt.
744 1095 2047 1177 Dieſe Bekanntmachung tritt mit der Veröffentlichung
632 1144 832 1198 in Kraft.
742 1211 1445 1268 Berlin, den 6. November 1918.
630 1271 2041 1349 Der Vorſitzende der Staatlichen Verteilungsſtelle für Groß Berlin.
1157 1333 1510 1394 J. A.: Dierig.
973 1531 1670 1596 Bekanntmachung.
722 1598 2029 1676 Gemäß § 46 des Kommunalabgabengeſetzes vom 14. Juli
612 1650 2028 1723 1893 (G.⸗S. S. 152) wird hiermit bekanntgegeben, daß der im
607 1700 2026 1781 laufenden Steuerjahre zu den Kommunalabgaben einſchätzbare
610 1752 2025 1828 Reinertrag aus dem Betriebsjahre 1917/18 der Stendal⸗
607 1803 2023 1888 Tangermünder Eiſenbahn auf 86 350 ℳ feſtgeſtellt
601 1859 844 1909 worden iſt.
711 1923 1524 1988 Magdeburg, den 4. November 1918.
903 1991 1708 2062 Der Königliche Eiſenbahnkommiſſar.
1191 2050 1432 2105 Sommer.
990 2244 1613 2306 Bekanntmachung.
688 2299 2010 2369 Unſere Verfügung vom 24. September 1917, wonach dem
585 2340 2007 2414 Kaufmann Hermann Knape hierſelbſt der Handel mit allen
583 2387 2003 2461 Lebens⸗, Genuß⸗ und Futtermitteln unterſagt iſt, wird hiermit
580 2436 1075 2487 wieder aufgehoben.
681 2494 1426 2553 Calbe a. S., den 4. November 1918.
869 2557 1714 2619 Die Polizeiverwaltung. Dr. Büttner.
973 2694 1600 2759 Bekanntmachung.
672 2748 1993 2820 Frau Heinrich Göriſſen, Leimbacherſtraße 34, die nicht zum
566 2792 1993 2868 Lebensmittelhandel zugelaſſen iſt, habe ich am 19. Oktober 1918
566 2841 1986 2914 jeden Handel mit Nahrungs⸗ und Genußmitteln und mit
566 2888 1986 2956 ſonſtigen Gegenſtänden des täglichen Bedarfs wegen Un⸗
571 2936 1995 3004 zuverläſſigkeit unterſagt, weil ſie Schleichhandel betrieben hat. —
570 2979 1908 3052 Die Ko en dieſer Bekanntmachung hat Frau Göriſſen zu tragen.
664 3038 1319 3097 Barmen, den 31. Oktober 1918.
849 3101 1706 3161 Die Polizeiverwaltung. J. V.: Köhler.
964 3236 1586 3300 Bekanntmachung.
662 3292 1978 3362 Der Frau Eliſabeth Leiſtner, in Firma Brotfabrik
563 3337 1978 3409 Julius Eggebrecht, hier, Breiteſtraße Nr. 12/13. iſt auf Grund
555 3386 1975 3457 des § 71 der Bundesratsverordnung vom 29. Mai 1918, be⸗
557 3432 1979 3501 treffend die Reichsgetreideordnung für die Ernte 1918, und der
560 3476 1974 3547 Bundesratsverordnung vom 23. September 1915, betreffend die Fern⸗
560 3522 1975 3595 haltung unzuverläſſiger Perſonen vom Handel, wegen Unzuverläſſigkeit
558 3570 1974 3644 der Handel mit Backware unterſagt, auch iſt die von ihr
560 3615 1471 3679 betriebene Bäckerei geſchloſſen worden.
641 3670 1539 3733 Frankfurt a. Oder, den 2. November 1918.
815 3734 1723 3797 Die Polizeiverwaltung. Dr. Trautmann.
947 3875 1570 3935 Bekanntmachung.
640 3928 1966 3996 Der Frau Bäckermeiſter Agnes Kolberg, geborenen
541 3972 1955 4045 Quaſtenberg, hier, Richtſtraße Nr. 79, iſt auf Grund des § 71
540 4019 1956 4090 der Bundesratsverordnung vom 29. Mai 1918, betreffend die Reichs⸗
540 4068 1960 4140 getreideordnung für die Ernte 1918, und der Bundesratsverordnung
533 4114 1954 4186 vom 23. September 1915, betreffend die Fernhaltung unzuverläſſiger
537 4158 1955 4232 Perſonen vom Handel, wegen Unzuverläſſigkeit der Handel mit
533 4204 1958 4277 Backware unterſagt, auch iſt die von ihr betriebene Bäckerei
538 4251 997 4300 geſchloſſen worden.
638 4308 1523 4370 Frankfurt a. Oder, den 2. November 1918.
800 4369 1704 4438 Die Polizeiverwaltung. Dr. Trautmann.
914 4494 1559 4564 Bekanntmachung.
625 4552 1944 4621 Dem Bäckermeiſter Paul Eweſt, hier, Schützenſtraße Nr. 11,
525 4595 1951 4668 iſt auf Grund des § 71 der Bundesratsverordnung vom 29. Mai
520 4643 1950 4715 1918, betreffend die Reichsgetreideordnung für die Ernte 1918, und
516 4689 1947 4763 der Bundesratsverordnung vom 23. September 1915, betreffend die
522 4733 1947 4808 Fernhaltung unzuverläſſiger Perſonen vom Handel, wegen Un⸗
515 4783 1951 4858 zuvertäſſigkeit der Handel mit Backware unterſagt, auch iſt
516 4829 1684 4901 die von ihm betriebene Bäckerei geſchloſſen worden.
611 4883 1461 4948 Frankfurt a. O., den 2. November 1918.
767 4946 1686 5008 Die Polizeiverwaltung. Dr. Trautmann.
913 5073 1546 5140 Bekanntmachung.
612 5130 1927 5198 Auf Grund der Bundesratsverordnung vom 23. September 1915,
511 5175 1932 5247 betreffend die Fernhaltung unzuverläſſiger Perſonen vom Handel, habe
513 5222 1931 5296 ich den Eheleuten Kaufmann Franz Kamphaus von hier, Bahnhof⸗
509 5268 1926 5336 ſtraße 74, wegen Unzuverläſſigkeit in bezug auf den Handelsbetrieb
507 5315 1928 5385 den „Handel mit Gegenſtänden des täglichen Bedarfs
508 5363 1928 5430 unterſagt. — Die Koſten der Veröffentlichung dieſer Bekannt⸗
505 5407 1924 5477 machung in den vorgeſchriebenen amtlichen Blättern tragen Eheleute
499 5453 1160 5505 Kampbaus als Geſamtſchuldner.
603 5512 1359 5568 Gelſenkirchen, den 29. Oktober 1918.
664 5571 1764 5640 Der Oberbürgermeiſter. J. V.: von Wedelſtaedt.
897 5702 1526 5760 Bekanntmachung.
594 5755 1913 5826 Auf Grund des § 1 der Bundesratsverordnung vom 23. Sep⸗
492 5800 1913 5869 tember 1915 (RGBl. S. 603) zur Fernhaltung unzuverläſſiger Per⸗
495 5847 1912 5915 ſonen vom Handel mit Lebensmitteln aller Art iſt dem Fleiſcher⸗
494 5893 1910 5961 meiſter Wilhelm Drespe, wohnhaft hierſelbſt, der Handel
493 5940 1910 6010 mit Lebensmitteln und Gegenſtänden des täg⸗
490 5985 1914 6055 lichen Bedarfs von heute ab unterſagt. — Drespe iſt zur
491 6030 1122 6086 Tragung der Koſten verurteilt.
589 6091 1330 6144 Greifswald, den 2. November 1918.
819 6153 1562 6210 Lebensmittelamt. Fleiſchmann.
874 6279 1498 6337 Bekanntmachung.
580 6332 1901 6398 Dem Schankwirt Robert Schulze in Luckenwalde iſt
482 6377 1901 6450 durch Verfügung vom heut gen Tage der Betrieb der Schank⸗
485 6423 1662 6488 wirtſchaft wegen Unzuverlä ſigkeit unterſagt worden.
576 6481 1322 6537 Luckenwalde, den 1. Novemder 1918.
790 6542 1598 6610 Die Polizeiverwaltung. Mannkopff.
2526 394 3148 444 Bekanntmachung.
2231 446 3538 503 Der Frau Anna Träder, geb. Gritzmann, in Neudamm
2136 487 3533 549 iſt auf Grund des § 1 der Bundesratsverordnung zur Fernhaltung
2131 539 3539 592 unzuverläiſiger Perſonen vom Handel vom 23. September 1915
2136 577 3536 640 (Reichs⸗Geſetzblatt Seite 603 ff.) der Handel mit Nahrungs⸗
2131 629 3543 687 und Futtermitteln aller Art ſowie rohen Naturerzeug⸗
2128 675 3532 735 niſſen, Heiz⸗ und Leuchtſtoffen, wie überhaupt mit Gegen⸗
2133 718 3531 779 ſtänden des Kriegsbedarfs und des täglichen Bedarfs
2126 770 3035 822 mit ſofortiger Wirkung unterſagt worden.
2222 825 3097 878 Königsberg N.⸗M., den 1. November 1918.
2519 880 3139 939 Der Landrat. von Keudell.
2590 1124 3060 1215 Nichtamtliches.
2511 1246 3114 1303 Deutſches Reich.
2336 1331 3299 1385 Preußen. Berlin, 8. November 1918.
2212 1402 3509 1467 Der Reichskanzler Prinz Max von Baden erläßt
2105 1450 3511 1518 laut Meldung des „Wolffſchen Telegraphenbüros“ folgenden
2102 1502 3149 1566 Aufruf an die Deutſchen im Auslande:
2197 1568 3504 1630 In dieſen ſchweren Tagen wird manchem von Euch Volks⸗
2101 1626 3504 1689 genoſſen, die außerhalb der Grenzen des deutſchen Vaterlandes von
2099 1682 3384 1746 Schadenfreude und Haß umgeben ſind, das Herz ſchwer werden.
2192 1741 2966 1797 Verzweifelt nicht am deutſchen Volke!
2188 1799 3503 1862 Unſere Soldaten haben bis zuletzt ſo heldenhaft gekämpft, wie
2088 1859 3496 1921 nur je ein Heer gekämpft hat. Die Heimat hat eine unerhörte Kraft
2087 1914 2858 1969 des Leidens und Ausharrens bewieſen.
2185 1971 3495 2037 Im 5. Jahre von ſeinen Bundesgenoſſen verlaſſen, konnte das
2084 2029 3498 2099 deutſche Volk den Kampf gegen die wachſende Uebermacht nicht mehr
2081 2088 2363 2136 weiter führen.
2172 2145 3495 2214 Der Sieg, auf den viele hofften, iſt nicht unſer geworden, aber
2080 2203 3491 2270 einen größeren Sieg hat das deutſche Volk erfochten, denn es hat
2079 2256 3488 2330 ſich ſelbſt und ſeinen Glauben an das Recht der Macht beſiegt. Aus
2078 2318 3477 2386 dieſem Sieg werden wir für die ſchwere Zeit, die uns bevorſteht,
2076 2378 3149 2440 neue Kräfte ſchöpfen, auf die auch Ihr bauen könnt.
2167 2435 3478 2505 Denen von Euch, die während der harten Kriegsjahre für ihr
2073 2492 3478 2560 deutſches Vaterland geſtritten und gelitten haben, wird auch das neue
2072 2549 3477 2618 Deutſchland ſeinen Dank nicht ſchuldig bleiben. Soweit es in der
2071 2603 3476 2679 Macht der deutſchen Regierung und des deutſchen Volkes ſteht, die
2067 2662 3470 2736 Leiden dieſes Krieges und ihre Folgen zu lindern, wird ihre Fürſorge
2066 2722 3471 2794 ebenſo den Deutſchen im Auslande wie den Deutſchen der engeren
2063 2780 2506 2829 Heimat zuteil werden.
2166 2912 3463 2984 In der am 7. November unter dem Vorſitz des Stell⸗
2057 2964 3462 3037 vertreters des Reichskanzlers, Wirklichen Geheimen Rats von
2058 3013 3460 3090 Payer abgehaltenen Vollſitzung des Bundesrats wurden
2056 3070 3460 3141 angenommen: 1) der Entwurf eines Geſetzes über die
2054 3119 3452 3196 militäriſche Inanſpruchnahme von Grundſtücken und Gebäuden,
2054 3165 3453 3248 Schiffen und Waſſerfahrzeugen nach Eintritt des Friedens⸗
2047 3224 3454 3300 zuſtandes; 2) der Entwurf einer Bekanntmachung zur
2045 3275 3449 3354 Ergänzung der Bekanntmachung zum Bierſteuergeſetze
2050 3331 3448 3404 vom 8. Auguſt 1918; 3) der Entwurf einer Be⸗
2051 3379 3445 3456 kanntmachung über die Bildung von Wohnungsverbänden;
2048 3433 3443 3510 4) der Entwurf einer Verordnung über die wirtſchaftliche
2053 3484 3447 3566 Demobilmachung; 5) der Entwurf einer Verordnung, betreffend
2043 3534 3446 3611 Tagegelder der Unterbeamten der Heeres⸗ und Marine⸗
2045 3591 3447 3663 verwaltung; 6) eine Vorlage wegen Aenderung der Verord⸗
2042 3643 3449 3715 nung über Tagegelder, Fuhrkoſten und Umzugskoſten der,
2043 3690 3441 3769 Beamten der Militär⸗ und Marineverwaltung; 7) der Entwurf
2038 3742 3436 3828 einer Bekanntmachung, betreffend Ausführungsbeſtimmungen
2038 3797 2961 3865 zum Kapitalabfindungsgeſetz für Offiziere.
2133 3977 3437 4058 Das Königliche Staatsminiſterium trat heute
2032 4030 2647 4088 zu einer Sitzung zuſammen.
2133 4204 3440 4290 Der ſchweizeriſche Geſandte Dr. Mercier hat Berlin
2024 4259 3419 4343 verlaſſen. Während ſeiner Abweſenheit führt der Legationsrat
2028 4310 2998 4389 Dr. Egger die Geſchäfte der Geſandtſchaft.
2129 4492 3419 4571 Nach einer Meldung des „Wolffſchen Telegraphenbüros“
2019 4540 3417 4625 iſt folgender Funkſpruch der deutſchen Oberſten Heeres⸗
2016 4594 3412 4676 leitung auf Anordnung der Regierung an den
2015 4648 3411 4730 Marſchall Foch in der Nacht zum 7. d. M. hinausgegangen:
2103 4699 3409 4778 Nachdem die deutſche Regierung im Auftrage des Präſidenten
2013 4745 3412 4828 der Vereinigten Staaten benachricht gt worden iſt, daß Marſchall Foch
2010 4792 3407 4873 ermächtigt iſt, beglaubigte Vertreter der deutſchen Regierung zu empfangen,
2012 4839 3411 4920 um ihnen die Waffenſtillſtandsbedingungen mitzuteilen, ſind folgende Be⸗
2002 4884 3405 4966 vollmächtigte ernannt worden: General der Infanterie von
2007 4929 3407 5010 Gündell, Staatsſekretär Erzberger, Geſandter Graf Obern⸗
2006 4977 3404 5056 dorff, General von Winterfeldt, Kapitän z. S. Vanſelow.
2000 5022 3406 5106 Die Bevollmächtigen bitten um Mitteilung durch Funkſpruch, wo ſie
2003 5069 3405 5151 mit Marſchall Foch zuſommentreffen können. Sie werden begleitet
2005 5114 3402 5199 ſein von Kommiſſaren und Dolmetſchern nebſt Unterperſonal, und im
2001 5160 3406 5246 Kraftwagen an dem zu bezeichnenden Orte eintreffen. Die deutſche
2002 5206 3398 5288 Regierung würde es im Intereſſe der Menſchlichkeit begrüßen, wenn
1998 5256 3402 5338 mit Eintreffen der deutſchen Delegation an der Front der Alliierten
1992 5301 2793 5363 vorläufige Waffenruhe eintreten könnte.
2102 5360 3402 5447 Der Marſchall Foch hat dem deutſchen Oberkommando
1992 5409 2752 5474 durch Funkſpruch darauf erwidert:
2082 5464 3407 5550 Wenn die deutſchen Bevollmächtigten mit dem Marſchall Foch
1981 5510 3394 5596 wegen des Waffenſtillſtandes zuſammentreffen wollen, mögen ſie ſich
1983 5552 3395 5639 bei den franzöſiſchen Vorpoſten auf der Straße Chimay — Fourmies —
1986 5599 3395 5689 La Capelle — Guiſe einfinden. Es ſind Befehle erlaſſen, ſie zu
1982 5647 3385 5735 empfangen und an den für die Zuſammenkunft beſtimmten Ort zu
1989 5694 2142 5742 geleiten.
2081 5815 3386 5915 Der Staatsſekretär und der Vorſtand des Kriegs⸗
1969 5874 3377 5969 ernährungsamts erlaſſen dem „Wolffſchen Telegraphen⸗
1976 5921 2824 5995 büro“ zufolge nachſtehenden Aufruf:
2071 5976 3376 6065 Seit vier Jahren hat das deutſche Volk die Laſten und Ent⸗
1972 6017 3374 6113 behrungen des Krieges mit bewundernswerter Standhaftigkeit ge⸗
1969 6064 3372 6158 tragen. Jetzt ſteht der Frieden und die Aufhebung d r Hunger⸗
1972 6112 3369 6206 blockade in naher Ausſicht. Damit wird auch eine Entſpannung
1968 6161 3370 6250 unſerer Ernährungslage eintreten. Am 1. Dezember wird die Brot⸗
1966 6211 3373 6297 ration erhöht werden, andere Erleichterungen werden allmählich folgen.
1972 6252 3365 6340 Vorausſetzung dafür wie überhaupt für die Weiterverſorgung der
1971 6298 3367 6386 Bevölkerung iſt unbedingte Aufrechterhaltung der Ordnung. Jede
1968 6346 3362 6432 Störung verhindert die regelmäßige Lebensmittelzufuhr und bedroht
1962 6392 3365 6480 die Großſtädte und die Induſtrieb zirke mit unſagbarem Elend. Wir
1965 6445 3357 6527 wenden uns an das geſamte deutſche Volk, dieſe ſchwere Gefahr ab⸗
1964 6489 2155 6531 zuwenden.
3717 389 5002 473 Geſtern nachmittag fand unter Vertretern der Mehrheits⸗
3612 447 5008 532 parteien aus dem Reichstag und dem preußiſchen Landtag
3608 494 5001 585 eine Beſprechung über die Frage ſtatt, in welcher Weiſe jetzt
3607 549 5003 624 grundlegende Aenderungen der einzelſtaatlichen Ver⸗
3601 598 5003 682 faſſungen, insbeſondere Preußens, herbeizuführen wären. Für
3595 650 5008 735 Preußen kommt namentlich das Wahlrecht und die ſchleunige
3594 703 5000 789 Parlamentariſierung der Regierung in Frage. Wie „Wolffs
3596 755 4999 842 Telegraphenbüro“ meldet, wurde eine grundſätzliche Einigung
3591 807 4998 887 unter den Parteien erzielt. Zur weiteren Erörterung begaben
3594 860 4992 939 ſich noch am Abend Vertreter der vier Mehrheitsparteien zum
3597 912 4989 992 Vizepräſidenten des preußiſchen Staatsminiſteriums Dr.
3598 965 3812 1014 Friedberg.
3687 1074 4989 1150 Die Vorſtände der Sozialdemokratiſchen Partei
3590 1127 4987 1203 und der Sozialdemokratiſchen Reichstagsfraktion ver⸗
3590 1179 4679 1240 öffentlichen im „Vorwärts“ folgenden Aufruf:
3868 1243 4369 1291 Arbeiter, Parteigenoſſen!
3675 1290 4991 1366 Der Frieden iſt geſichert — in wenigen Stunden wird die
3584 1336 4987 1409 Waffenruhe eingetreten ſein. Nur jetzt keine Unbeſonnenheiten, die
3582 1382 4986 1456 das an der Front beendete Blutvergießen im Lande wieder aufleben
3581 1429 4985 1504 machen! Die Sozialdemokratiſche Partei ſetzt ihre ganze Kraft ein,
3584 1475 4744 1533 Eure Forderungen ſchnellſtens zur Erfüllung zu bringen!
3669 1521 4978 1598 Deshalb haben heute die Vorſtände der ſozialdemokratiſchen
3579 1568 4978 1642 Partei und der ſozialdemokratiſchen Fraktion folgende letzte Forde⸗
3575 1616 4324 1663 rungen an den Reichskanzler geſtellt:
3642 1661 4679 1718 1. Freigabe der heute verbotenen Verſammlungen.
3637 1703 4977 1780 2. Anweiſung an Polizei und Militär zur äußerſten Beſonnenheit.
3638 1754 4979 1831 3. Rücktritt des Kaiſers und des Kronprinzen bis Freitagmittag.
3637 1801 4977 1874 4. Verſtärkung des ſozialdemokratiſchen Einfluſſes in der Re⸗
3701 1846 3871 1897 gierung.
3632 1894 4976 1966 5. Umgeſtaltung des preußiſchen Miniſteriums im Sinne der
3702 1940 4395 1994 Mehrheitsparteien des Reichstags.
3659 1998 4968 2072 Iſt bis Freitagmittag keine befriedigende Antwort erfolgt, ſo
3556 2045 4586 2102 tritt die Sozialdemokratie aus der Regierung aus.
3657 2185 4972 2261 Von zuſtändiger Stelle wird über die Lage der nörd⸗
3551 2237 4971 2313 lichen Provinzen durch „Wolffs Telegraphenbüro“ folgendes
3551 2290 3778 2341 mitgeteilt:
3641 2343 4965 2415 Die Unruhen haben ſich auf einige weitere Orte ausgedehnt.
3553 2388 4965 2463 In Bremen wurden auf dem Marktplatz von einem unabhängigen
3550 2435 4966 2509 Sozialiſten, der vor wenigen Tagen aus dem Gefängnis entlaſſen
3544 2484 4965 2553 worden war, und von einigen Militärperſonen Reden gehalten, die
3547 2530 4959 2600 zur Bildung einer ſozialiſtiſchen Republik und eines Arbeiter⸗
3542 2576 4958 2646 und Soldatenrats aufforderten. Der Befreiung von Militar⸗
3544 2621 4955 2694 gefangenen ſchloß ſich die Oeffnung auch der Zivilg fängniſſe an.
3542 2669 4957 2742 In den großen Werken iſt alles ruhig, auf den Straßen
3542 2714 4965 2786 herrſcht Ordnung, Zwiſchenfälle ſind bisher nicht gemeldet. Für den
3540 2760 4954 2834 Abend wurde in einer Verſammlung Liebknecht als Redner erwartet.
3539 2807 4957 2880 In einer Sitzung der Bürgerſchaft ſtand ein ſozialdemokratiſcher
3538 2853 4952 2926 Antrag auf Einführung des gleichen direkten Wahlrechts zur Er⸗
3539 2902 4950 2974 örterung. Der Senat ſoll ſich ſeine Entſcheidung vorbehalten haben.
3627 2949 4952 3023 Aus Hamburg wird gemeldet: Das Zentralbüro des Arbeiter⸗
3534 2995 4950 3067 und Soldatenrats teilt folgendes mit: Sämtliche Amtsgebäude und
3530 3039 4953 3118 militäriſchen Gebäude ſind beſetzt, die Nahrungsmittelmagazine
3528 3092 4947 3166 werden bewacht, Plünderer werden mit ſofortigem Erſchießen
3523 3134 4950 3208 beſtraft. Zurzeit finden Verhandlungen mit dem Senat ſtatt.
3523 3177 4951 3257 Der Zugverkehr iſt bis auf zwei Züge eingeſtellt. Poſt und Tele⸗
3520 3226 4947 3303 graphenamt waren bis zur Stunde nicht beſetzt. Die Leitung der
3516 3270 4946 3348 Bewegung erließ einen Aufruf an die Bevölkerung, Ruhe und
3517 3320 4942 3400 Ordnung aufrecht zu erhalten. Nach vorliegenden Nachrichten iſt dies
3515 3368 4945 3443 indes nicht gelungen. Es hat Ausſchreitungeu gegeben. Kleinere Truppen⸗
3515 3413 4940 3493 körper, die ſich verteidigten, wurden durch die Maſſen der Aufſtändiſchen
3514 3460 4939 3538 gewaltſam gezwungen, ihnen Gefolgſchaft zu leiſten. An mehreren Stellen
3512 3509 4938 3582 der Stadt ſind Mißhandlungen und Morde vorgekommen. Unter anderem
3513 3554 4938 3629 drangen Aufſtändiſche in eine Wohnung der Lincolnſtraße aus der
3510 3600 4938 3675 auf herumziehende Soldaten geſchoſſen ſein ſollte, und töteten zwei
3512 3648 4936 3722 Frauen als angeblich Schuldige, indem ſie ihnen die Kehle durch⸗
3514 3693 4934 3771 ſchnitten. Wahrſcheinlich werden alle Theater und Reſtaurants vom
3511 3736 4934 3813 7. November ab geſchloſſen. Die ganze Nacht vom 6. zum 7. No⸗
3504 3788 4917 3864 vember fielen in verſchiedenen Gegenden der Stadt vereinzelte Schüſſe.
3506 3832 4923 3907 Das „Hamburger Echo“, das jetzt als Organ der Aufſtändiſchen unter
3505 3880 4923 3958 dem Titel „Die Rote Fahne“ erſcheint, veröffentlicht folgende Be⸗
3502 3927 4921 4003 kanntmachung an die Bevölkerung Hamburgs und Altonas: Alle
3504 3972 4919 4049 Zivilperſonen müſſen von heute (7. November) ab um 6 Uhr Abends
3499 4023 4917 4097 von der Straße ſein. Jede Zivilperſon, die ſich in der Zeit von
3496 4061 4919 4146 6 Uhr Abends bis 7 Uhr Morgens auf der Straße aufhält, wird
3496 4114 3688 4161 erſchoſſen.
3590 4160 4903 4237 In Cuxhaven iſt es zu keinen ernſteren Unruhen oder Aus⸗
3496 4201 3959 4261 ſchreitungen gekommen.
3589 4253 4910 4331 In Kiel iſt der Stadtkommandant, Kapitän zur See Heine in
3487 4299 4906 4377 der Nacht vom 5. zum 6. November von einer Patrouille, die Befehl
3487 4346 4910 4428 hatte, ihn abzuführen, erſchoſſen worden, da er ſich angeblich dieſem
3489 4391 4009 4445 Befehl widerſetzen wollte.
4098 4515 4303 4568 Bayern.
3594 4576 4905 4661 In der geſtrigen Sitzung des Finanzausſchuſſes gab
3482 4624 4905 4712 der Kriegsminiſter von Hellingrath ein Bild über die
3486 4679 4897 4767 militäriſche Lage. Dem Bericht iſt nach der „Korreſpondenz
3486 4727 4903 4817 Hoffmann“ zu entnehmen, daß infolge der Auslieferung der
3477 4783 4897 4868 öſterreichiſchen Bahnen an die Entente der Schutz der Oſt⸗
3472 4838 4893 4922 und Südgrenze Bayers dringend notwendig geworden iſt.
3479 4884 4893 4973 Bayeriſche und andere deutſche Truppen ſind an der Tauern⸗
3474 4939 4884 5028 bahn und am Brenner angelangt und haben unter dem Kom⸗
3474 4996 4889 5081 mando des Generals Krafft von Dellmenſingen bereits Zer⸗
3469 5043 4885 5137 ſtörungen an den Bahnanlagen vorgenommen. Im Oſten
3474 5096 4883 5187 ſind ebenfalls Truppenkommandos aufgeſtellt, doch wird
3471 5151 4883 5238 der Einbruch der Tſchechen in deutſches Gebiet als unwahr⸗
3474 5203 4883 5293 ſcheinlich angeſehen. Die Weſtfront kann noch längere Zeit
3467 5256 4887 5342 unzweifelhaft gehalten werden. Die Stimmung der Truppen
3470 5307 4881 5397 iſt zufriedenſtellend. Die Abgeordneten Dr. Pichler, Held
3458 5363 4876 5451 und Dr. Schlittenbauer (Zentrum) gaben Anregungen
3466 5415 4871 5500 zu genügendem Grenzſchutz und traten warm ein für die
3456 5464 4867 5554 Beibehaltung des Anſchluſſes an das Deutſche Reich: Die
3464 5516 4866 5607 Abgeordneten Dr. Günther, Dr. Hammerſchmiedt und
3453 5569 4865 5661 Dr. Dirr (liberal) ſchloſſen ſich dem an und verwieſen auf
3447 5622 4877 5716 die Schädigungen, die den Bundesſtaaten durch Loslöſung
3455 5678 4863 5768 vom Reiche in kultureller und wirtſchaftlicher Beziehung ent⸗
3458 5725 4858 5817 ſtehen würden. Der Abgeordnete Segitz (Sozialdemokrat)
3450 5780 4857 5869 mahnte zur größten Mäßigung angeſichts des bevorſtehenden
3451 5830 4854 5924 Waffenſtillſtands mit der Entente. Ein neuer Krieg dürfte
3446 5883 4864 5969 durch Beſetzung Tirols nicht heraufbeſchworen werden. Der
3439 5933 4851 6029 Kriegsminiſter ſtellte am Schluß in Ausſicht, alles zu tun,
3440 5988 4047 6066 was die Stunde erfordere.
3974 6101 4328 6166 Württemberg.
3544 6143 4854 6236 Wie der „Staatsanzeiger“ hört, haben ſämtliche Mit⸗
3440 6192 4846 6287 glieder des Königlichen Staatsminiſteriums vor⸗
3439 6246 4849 6340 geſtern die ihnen anvertrauten Aemter in die Hände des
3423 6295 4844 6391 Königs zurückgelegt und um Entlaſſung aus dem Königlichen
3427 6349 4845 6443 Dienſt gebeten. Seine Majeſtät der König hat von dem Geſuche
3427 6400 4846 6494 Kenntnis genommen und die Miniſter erſucht, ihre Aemter bis
3426 6455 4847 6548 zu der in Ausſicht genommenen Neubildung des Staats⸗
3420 6508 4184 6583 miniſteriums weiter zu verwalten.
3530 6564 4831 6652 Die Ständeverſammlung iſt zur Wiederaufnahme ihrer
3424 6609 4677 6714 Sitzungen auf Dienstag, den 12. Novemder einberufen.
5739 427 5946 486 Anhalt.
5262 498 6540 588 Wie der „Anhalter Kurier“ meldet, iſt der Staatsminiſter
5178 549 6538 644 Dr. von Laue auf ſein Anſuchen in den Ruheſtand verſetzt
5178 600 6537 690 worden; ſein Nachfolger wird der Kreisdirektor Geheimer
5176 653 6537 743 Regierungsrat Gutknecht. Mit dem Wechſel im Miniſterium
5173 706 6535 796 wird eine Aenderung des Landtagswahlrechts und eine Parla⸗
5170 756 6124 831 mentariſierung des Miniſteriums verbunden.
5680 860 5958 921 Oldenburg.
5244 928 6529 1021 Zur weiteren Parlamentariſierung in Oldenburg hat der
5164 982 6526 1069 Landtag, wie „Welffs Telegraphenbüro“ meldet, in ver⸗
5159 1034 6528 1123 traulicher Sitzung beſchloſſen, die Miniſterverantwort⸗
5160 1090 5554 1160 lichkeit zu fordern.
5542 1255 6054 1334 Oeſterreich⸗Ungarn.
5230 1338 6518 1434 Der Kaiſer hat den Miniſter Dr. von Spitzmüller
5155 1398 6518 1483 unter Verleihung des Großkreuzes des Leopoldordens vom
5149 1448 6517 1540 Amte des gemeinſamen Finanzminiſters enthoben, mit deſſen
5147 1501 6518 1590 Leitung der Sektionschef Dr. Freiherr von Kuh⸗Chrobak
5147 1550 5528 1621 betraut worden iſt.
5212 1617 6509 1703 — Nach einer Meldung des „Reuterſchen Büros“ hat
5143 1670 6513 1756 das Wiener Telegramm über den Waffenſtillſtand mit Oeſter⸗
5134 1722 6508 1811 reich⸗Ungarn den Artikel 4 ſowohl falſch überſetzt wie ver⸗
5137 1769 6502 1856 ſtümmelt. Es heißt in Wirklichkeit, daß die Alliierten das
5135 1823 6503 1917 uneingeſchränkte Recht haben zur Beſetzung aller ſtrategiſchen
5135 1877 6506 1962 Punkte zu jeder Zeit, zu der dies nötig erſcheint, um
5133 1932 6499 2010 die Möglichkeit zu erhalten, militäriſche Operationen aus⸗
5127 1982 6500 2068 zuführen oder die Ordnung aufrecht zu erhalten. Die Worte
5129 2033 6496 2122 „militäriſche Operationen auszuführen“ fehlten in der Ueber⸗
5124 2087 6496 2173 ſetzung. Demgegenüber wird, wie „Wolffs Telegraphenbüro“
5121 2140 6494 2227 meldet, amtlicherſeits ausdrücklich feſtgeſtellt, daß ſowohl in
5116 2190 6494 2273 dem von den militäriſchen Vertretern Oeſterreich⸗Ungarns unter⸗
5119 2243 6491 2339 zeichneten Originaltext wie auch in der deutſchen Ueberſetzung
5115 2297 6163 2374 von militäriſchen Operationen nicht die Rede iſt.
5188 2361 6485 2445 — Die italieniſche Oberſte Heeresleitung teilt laut
5114 2415 6480 2496 Meldung des „Wolffſchen Telegraphenbüros“ auf den verlaut⸗
5109 2468 6473 2552 barten Einſpruch des Armeeoberkommandos mit, daß
5111 2521 6476 2601 Teile der 34., 41. und 51. Infanteriediviſion und der Kavallerie⸗
5112 2573 6470 2658 diviſion, die in geordneter Verfaſſung den Rückmarſch vollführten,
5105 2624 6474 2709 wieder freigegeben worden ſind, um die Rückzugs⸗
5103 2678 6474 2755 bewegung fortzuſetzen, nachdem vorher Material und Vier⸗
5099 2729 6465 2816 füßler beſchlagnahmt worden waren. Für den Rückmarſch
5099 2783 6470 2865 wird die italieniſche Oberſte Heeresleitung im Hinblick auf den
5096 2835 6465 2921 ſlechten Zuſtand der Wege im allgemeinen die Benutzung
5095 2887 6465 2968 der Straße im Fellatal möglicherweiſe freigeben. Die Be⸗
5096 2940 6464 3022 rufung der italieniſchen Heeresleitung auf die Waffenſtillſtands⸗
5089 2989 6457 3074 klauſeln zur Rechtfertigung der Beſchlagnahme von Material
5086 3045 6454 3125 und Pferden trifft, wie bemerkt wird, wohl nicht zu. Doch
5090 3094 6455 3189 könne hiergegen im dermaligen Zeitpunkte Einſpruch nicht
5089 3150 5562 3203 mehr eingelegt werden.
5172 3215 6455 3299 — Geleitet von dem Beſtreben, die Volksernährung in
5088 3262 6446 3353 fenen Gebieten, die auf Zufuhren unbedingt angewieſen ſind,
5086 3318 6453 3402 alſo in erſter Linie in Wien, auch für ſpätere Zeit, etwa im
5084 3372 6444 3459 erſten Halbjahre des kommenden Jahres 1919 ſicherzuſtellen,
5146 3423 6452 3509 ſich das Miniſterium des Aeußern laut Meldung des „Wiener
5134 3478 6447 3560 legraphen⸗Korreſpondenzbüros“ ſofort nach Abſchluß des
5131 3527 6451 3614 affenſtillſtands mit einem diesbezüglichen Schritt an die
5144 3584 6444 3664 tente und die Vereinigten Staaten gewendet.
5127 3632 6446 3719 e Grundlage für dieſes Einſchreiten bietet Artikel 5 der
5132 3685 6446 3770 ebedingungen im Waffenſtillſtandsabkommen, welcher die
5139 3737 6443 3822 ſetzung einer Kommiſſion vorſieht, die über Ausnahmen
5131 3789 6442 3878 n der Blockade entſcheiden ſoll, um unſeren Schiffen Fahrten
5139 3841 6438 3933 geſtatten. Den erwähnten Regierungen wird die bedrängte
5126 3896 6436 3978 ge auf dem Ernährungsgebiete geſchildert und ſie werden
5119 3949 6433 4032 deten, dieſe Kommiſſion eheſtens einzuſetzen und ihr das
5121 3998 6427 4086 rlangen vorzulegen, einer beſtimmten Anzahl öſterreichiſch⸗
5112 4052 6426 4136 gariſcher Handelsdampfer, von denen mehrere in Spanien und
5127 4101 6434 4193 Niederländiſch⸗Indien liegen, Fahrten nach Argentinien
5061 4152 6427 4243 und nach Nordamerika und von Indien zu geſtatten. Dieſe
5053 4201 6423 4297 Regierungen werden ferner gebeten, zu geſtatten, daß in jenen
5054 4255 6429 4350 Länd en G treide, Fettſtoffe und Gefrierfleiſch für Oeſterreich⸗
5057 4306 6431 4403 Ungarn eng kauft und geladen werden. Der Transport
5054 4364 6420 4455 würde der Leitung der Ententeregierungen und der Ver⸗
5049 4413 6423 4509 einigten S aaten ſich über Trieſt und die von dort ausgehenden
5051 4462 6421 4566 Bahnen abwickeln. Wenn die erhoffte Zuſtimmung eintritt,
5044 4517 6410 4612 können die Einzelheiten mit der früher erwähnten Kommiſſion
5049 4563 6418 4666 in kürzeſter Friſt feſtgeſetzt werden, ſo daß die Ausfah ten in
5046 4615 6411 4724 ſene Produktionsländer, welche die hier benötigten Nahrungs⸗
5041 4668 6008 4769 ſtoffe liefern können, bald ſtattfinden würden.
5117 4746 6416 4834 — Der deutſch öſterreichiſche Staatsrat hat den
5039 4781 6418 4888 Feldmarſchalleutnant Adolf von Boog zum Oberbefehlshaber
5037 4840 6412 4941 der deutſch⸗öſterreichiſchen Wehrmacht ernannt und in ſeiner
5039 4890 6402 4993 geſtrigen Sitzung die Aufhebung der Kaiſerlichen Ver⸗
5081 4949 6407 5046 dnung, betreffend die Unterſtellung von Zivilperſonen unter
5103 5000 6400 5100 Militärgerichtsbarkeit, ſowie über die Demobiliſierung
5077 5048 6404 5151 ſchloſſen, daß alle deutſch⸗öſterreichiſchen Soldaten, die das
5100 5106 6402 5203 Lebensjahr überſchritten haben, ſofort zu entlaſſen ſeien
5110 5159 6401 5257 in den nächſten Tagen von Fall zu Fall je nach der
5073 5213 6396 5321 ansportmöglichkeit die Entlaſſung der weiteren Jahrgänge
5073 5260 5276 5324 olgen ſolle.
5115 5332 6396 5425 — Der tſchechiſche Nationalrat ſteht dem „Neuen
5073 5373 6403 5480 iener Tagblatt“ zufolge gegenwärtig in Verhandlungen mit
5064 5429 6395 5537 m Staatsamt für Heeresweſen über die Heim⸗
5063 5478 6389 5582 ndung der Soldaten tſchechiſcher Nationalität.
5096 5536 6386 5634 vertritt hierbei die Anſchauung, daß die tſchechiſchen
5053 5581 6378 5690 oldaten vollkommen bewaffnet heimgeſchickt werden müßten,
5060 5631 6390 5743 il den Tſchecho⸗Slowaken nach dem Waffenſtillſtandsvertrage
5085 5684 6380 5790 ſreie Durchzug durch Oeſterreich freiſtehe. Hingegen könnten
5068 5737 6384 5844 tſch⸗öſterreichiſche Soldaten nur unbewaffnet in die Heimat
5052 5784 6381 5895 tlaſſen werden, weil der tſchecho⸗ſlowakiſche Staat neutral
5065 5845 6381 5954 und ihm nach dem Völkerrechte die Entwaffnung der auf
5052 5896 6374 6000 nem Gebiete ſich aufhaltenden Truppen eines kriegführenden
5057 5951 6378 6060 aates zuſtehe. Selbſtverſtändlich hat das Staatsamt für
5051 6006 5941 6097 eresweſen dieſes Anſinnen zurückgewieſen.
5067 6063 6371 6170 — Der tſchecho⸗ſlowakiſche Nationalausſchuß iſt
5043 6109 6373 6222 rch weitere Entſendungen von Mitgliedern aus einzelnen
5040 6167 6366 6272 arteien auf nahezu 200 Perſonen verſtärkt worden. Es
5038 6208 6368 6324 ſteht dadurch eine Art Landtag, die als Konſtituante
5038 6267 6362 6375 ngieren wird. Die Sitzungen dieſes Landtags werden
5043 6317 6356 6431 hrſcheinlich öffentlich, die der Kommiſſionen jedenfalls ge⸗
5033 6362 5174 6434 im ſein.
5074 6423 6362 6532 Vorgeſtern fand in Reichenberg die erſte Sitzung des
5040 6471 6354 6586 ndtags von Deutſch⸗Böhmen ſtatt, über deren Verlauf
5032 6523 6165 6634 s „Wiener Korreſpondenzbürg“, wie folgt, berichtet:
5047 6574 6365 6686 Der Landeshauptmannſtellvertreter Seliger gab eine Tagesordnung
5026 6616 6352 6730 kannt, in der die Landesregierung und der Landesausſchuß ermächtigt
6608 473 8021 565 werden, für den Fall, daß der Landtag nicht in der Lage wäre, zu⸗
6608 519 8028 610 ſammenzutreten, Verfügungen zu treffen Seliger berichtet, daß
6602 563 8025 654 Landeshauptmann Pacher genötigt geweſen ſei, ſeine Stelle als
6599 608 8027 702 Landeshauptmann niederzulegen, da er zum Staatsſekretär für Unter⸗
6598 659 8026 747 richt berufen worden ſei. Hieraus wurde einhellig Lodaman zum
6595 704 8018 792 Landeshauptmann gewählt, der die Herren, die die Pflicht übernommen
6602 747 8017 840 hätten, dre Geſchäfte zu führen, aufforderte, ganz Böhmen auf das
6597 792 8018 885 Feierlichſte zu verſprechen, daß ſie auf dem Platz ausharren würden,
6599 844 8014 931 möge tommen, was da wolle. (Begeiſterte Zuſtimmung.) Es ſei
6599 887 8014 976 klar, daß alle Verfügungen, der Landesregierung, die tatſächliche
6598 931 8016 1024 Willensäußerung der Geſamtregierung des deutſchen Voikes
6593 980 8011 1072 darſtellen. Landeshauptmannſtellvertreter Seliger verwies darauf,
6591 1025 8018 1113 daß es Sache der Staatsregierung ſei, die Einrichtung des Ver⸗
6588 1074 8016 1156 waltungsapparates durchzuführen. „Wir haben“, erklärte er, „nur einſt⸗
6587 1122 8015 1208 weilige Verfügung zu treffen, um ſo mehr, als es ſich hier hauptſächlich
6583 1166 8008 1251 darum handelt, unſeren nationalen Gegnern gegenüber klarzuſtellen:
6589 1209 8011 1298 Für uns iſt der Gedanke „Deutſch⸗Böhmen“ nicht nur blanke Theorie,
6583 1259 8009 1349 ſondern auch ein wirkliches und lebendiges Wollen. Es ſoll ausge⸗
6580 1302 8003 1390 ſprochen werden, daß wir es wirklich ernſt meinen, zum Neubau der
6581 1346 8004 1437 Staatsvermaltung in praktiſcher Durchführung unſerer Selbſtändig⸗
6580 1395 8001 1483 keit zu ſchreiten.“ Der Abgeordnete Schreiter ſtellte feſt, daß die
6576 1439 8003 1526 Abgeordneten auf ihrem Poſten aushalten und nötigenfalls der
6578 1485 8000 1574 Gewalt mit Gewalt entgegentreten würden. Er richtete an das
6574 1533 8003 1619 deutſch⸗böhmiſche Volk die Bitte, den Gedanken der Zuſammen⸗
6572 1582 7997 1668 gehörigkeit und Selbſtbeſtimmung in gleicher Weiſe hochzuhalten,
6572 1630 7994 1712 wie dies von ſeiten der Abgeordneten geſchehe. Lodgman teilte noch
6570 1676 7998 1761 mit, daß in Prag Beratungen der Tſchechen mit der deutſch⸗öſter⸗
6571 1719 7999 1806 reichiſchen Regierung ſtattfinden würden, zu denen auch Vertreter der
6570 1766 7991 1856 deutſch⸗böhmiſchen Landesregierung entſandt werden würden. Hierauf
6568 1817 7177 1874 wurde die Sitzung geſchloſſen.
6673 1870 7993 1959 Die „Innsbrucker Nachrichten“ melden, daß das
6565 1922 7989 2014 bayeriſche Kriegsminiſterium in München dem Prä⸗
6564 1974 7985 2069 ſidenten des Tiroler Nationalrats am 5. November Nachts
6562 2025 7325 2097 folgende Depeſche übermittelt hat:
6658 2078 7981 2167 Die Waffenſtillſtandsbedingungen zwiſchen Oeſterreich und der
6559 2120 7982 2211 Entente zwingen uns, zur Sicherung unſerer Landesgrenzen Truppen
6552 2175 7976 2257 nach Nordtirol zu ſchicken. Gleichzeitig ſollen dieſe Truppen mit⸗
6558 2218 7984 2307 helfen, um den Abzug abgelöſter Teile des öſterreichiſchen Heeres nach
6556 2264 7971 2356 Oſten zu ordnen und das Land vor Zuchtloſigkeit zu ſchützen.
6552 2311 7976 2400 Unſere Vorhuten überſchreiten am 5. November die Grenze und
6549 2357 7970 2443 ſtarke Kräfte werden folgen. Wer kommen als Freunde und er⸗
6547 2409 7966 2490 warten, daß uns bei unſeren Bewegungen keine Hinderniſſe von ſeiten
6548 2452 7973 2537 des deutſch⸗öſterreichiſchen Nationalrats und der öſterreichiſchen Kom⸗
6544 2502 7972 2583 mandobehörden in den Weg gelegt werden. Sollte das trotzdem der
6549 2543 7972 2631 Fall ſein, ſo ſind unſere Truppen angewieſen, ſich mit Waffengewalt
6546 2594 6960 2646 den Weg zu bahnen.
6931 2650 7572 2713 Der Kommandierende General.
6909 2694 7602 2763 Krafft von Dellmenſingen.
6648 2747 7964 2833 Das Blatt fügt noch hinzu: Der Waffenſtillſtand mit der
6540 2796 7957 2892 Entente ſei abgeſchloſſen und der deutſch⸗öſterreichiſche
6546 2846 7962 2936 Nationalrat habe ihn mit Bedauern zur Kenntnis genommen.
6542 2901 7964 2994 Die Bedingungen ſeien in Durchführung begriffen. Innsbruck
6541 2955 7957 3042 habe danach bereits gehandelt, die Bevölkerung jedoch werde
6533 3005 7958 3100 mit Rückſicht auf die bereits eingetretenen ſchlimmen Ereigniſſe
6530 3057 7955 3153 in vielen Orten Tirols das Erſcheinen deutſcher Ordnungs⸗
6523 3114 7956 3201 mannſchaften im Intereſſe des Landes und der heranſtrömenden
6528 3162 7953 3263 Soldaten, die ſelbſt, gleich welcher Nation ſie angehören mögen,
6521 3215 7682 3301 unter der Unordnung ſchwer leiden, nur begrüßen.
6618 3278 7945 3370 Wie die „Neue Freie Preſſe“ aus unterrichteten Kreiſen
6523 3334 7946 3426 erfährt, hat das öſterreichiſch⸗ungariſche Armeeober⸗
6519 3383 7945 3476 kommando gegen das Ueberſchreiten der öſter⸗
6515 3440 7942 3524 reichiſchen Grenze durch deutſche Truppen bei der deut⸗
6516 3490 7941 3586 ſchen Heeresleitung Einſpruch erhoben. Auch das öſterreichiſch⸗
6514 3547 7942 3630 ungariſche Miniſterium des Aeußern wird gegen dieſen Schritt der
6516 3593 7938 3688 deutſchen Regierung der vorher nicht bekanntgegeben war,
6516 3649 7941 3738 Einſpruch erheben. Der mit den Vereinigten Staaten und der
6514 3702 7941 3790 Entente abgeſchloſſene Waffenſtillſtand könnte dadurch gefährdet
6513 3756 7942 3840 werden, daß es uns unter den gegebenen Umſtänden materiell
6511 3810 7940 3894 ganz unmöglich iſt, die Deutſchen von der Durchführung ihrer
6507 3858 7933 3951 Abſichten abzuhalten. Die Folgen ſind, daß Teile unſeres
6505 3910 7696 3993 Gebiets Kampfgebiete und verwüſtet werden können.
6599 3974 7939 4068 — Laut Meldung des „Wiener Telegraphen⸗Korreſpondenz⸗
6488 4023 7933 4117 Büros“ haben die Italiener Trieſt nur deshalb als feindliches
6492 4081 7936 4171 Gebiet beſetzt, weil die Beſetzung vor Inkrafttreten des Waffen⸗
6489 4133 7934 4223 ſtillſtandes erfolgte. Die Italiener führten ſofort die italieniſche
6489 4184 7937 4276 Amtsſprache in der Verwaltung ein. Der Eiſenbahnverkehr
6484 4238 7491 4317 mit Trieſt iſt vollſtändig eingeſtellt worden.
6588 4305 7927 4391 — Die energiſchen Verfügungen der ungariſchen
6481 4350 7926 4448 Regierung zur Sicherung der öffentlichen Ordnung und
6485 4406 7916 4491 Ruhe, erweiſen ſich immer wirkſamer. Das innere
6481 4459 7922 4547 Leben des ganzen Landes beruhigt ſich. Mit Unter⸗
6483 4513 7916 4595 ſtützung des Kriegsminiſters bildete ſich eine Kommiſſion mit
6478 4566 7916 4652 dem Zweck, das Volk aufzuklären und die Errungenſchaften
6475 4618 7910 4702 der Revolution bekanntzugeben. Heimkehrende Soldaten
6465 4671 7908 4759 werden zur Wahrung von Ruhe und Ordnung gemahnt
6476 4725 6639 4774 werden.
6577 4789 7906 4873 — Der Regierungskommiſſar Beck hat mit dem Vorſtand
6464 4841 7908 4924 des Staatsrats und dem Staatsſekretär des Aeußern Dr. Adler
6470 4894 7904 4975 Verhandlungen bezüglich der Regelung des Banknoten⸗
6464 4950 7904 5028 umlaufes eingeleitet und ſodann mit der Leitung der Notenbank
6467 4999 7905 5082 bezüglich der Regelung der Banknotenfrage verhandelt. Der
6464 5051 7901 5133 Juſtizminiſter hat ſämtliche während des Krieges erſchienenen
6464 5106 7901 5186 Verordnungen über die Preßfreiheit ſowie die Verbote ein⸗
6461 5159 7737 5240 zelner in⸗ und ausländiſcher Blätter außer Kraft geſetzt.
7091 5285 7270 5339 Polen.
6567 5343 7890 5429 Der Regentſchaftsrat hat den Generalmajor Grafen
6451 5396 7889 5478 Szepincki zum Generalinſpektor und Befehlshaber aller
6447 5453 7887 5534 polniſchen Streitkräfte im bisherigen öſterreichiſch⸗ungariſchen
6442 5505 7885 5588 Beſetzungsgebiet und in Galizien ernannt und die Einberufung
6449 5557 7884 5640 aller polniſchen Offiziere ſowohl im Lande als auch in den
6447 5605 7879 5689 fremden Armeen zum Dienſte im polniſchen Heere angeordnet.
6445 5658 7875 5744 Gleichzeitig wurde eine Ergänzung der von Oeſterreich⸗
6446 5711 7875 5793 Ungarn übernommenen Linienformationen im Wege der Wer⸗
6435 5760 6743 5822 bung verfügt.
6775 5837 7533 5928 Großbritannien und Irland.
6552 5916 7872 6000 Bei einem (Feſtmahl zu Ehren amerikaniſcher Verleger
6439 5970 7870 6048 hielt Lord Robert Cecil eine Rede, in der er bezüglich des
6431 6022 7877 6107 Waffenſtillſtands mit der Türkei und der Waffen⸗
6430 6076 7871 6159 ſtillſtandsbedingungen für Deutſchland dem „Reuter⸗
6428 6128 7036 6181 ſchen Büro“ zufolge ſagte:
6531 6181 7864 6256 Die Annahme, daß in dem Waffenſtillſtand mit der Türkei ge⸗
6429 6222 7867 6302 heime Bedingungen enthalten ſeien, ſei völlig unbegründet. Er
6430 6274 7870 6350 könne im Namen aller Verbündeten erklären, daß es ihr Wunſch
6420 6317 7864 6399 und ihr Entſchluß ſei, dafür zu ſorgen, daß die Herrſchaft der Türkei
6423 6364 7869 6445 über die unterworfenen Nationalitäten zu einem endgültigen Ende
6430 6409 7859 6489 gebracht werde. Was die Waffenſtillſtandsbedingungen für Deutſch⸗
6424 6460 7859 6536 land anbetreffe, ſo müßten, wie Wilſon erklärt habe, Waffenſtill⸗
6424 6501 7865 6583 ſtandsbedingungen gefordert werden, die eine Wiederaufnahme der
6422 6548 7865 6633 Feindſeligkeiten verhinderten; die Entente müſſe ſicher ſein, daß ſie
6421 6593 7869 6675 ſich bei der Aufſtellung der Bedingungen nicht auf das Wort der
6419 6642 7871 6728 deutſchen Staatsmänner, ſondern auf genügende tatſächliche Bürg⸗
6425 6686 6960 6740 ſchaften zu verlaſſen hätte.
8204 528 9535 608 Ueber die endgültige Beilegung des Weltkrieges
8093 576 8482 632 ſagte Lord Cecil:
8184 631 9526 702 Frei herausgeſagt, es gab zwei Wege. Es gab viele, die die
8086 674 9527 749 Empfindung hatten, daß es etwas Großes bedeuten würde, nach all
8079 722 9526 798 den gebrachten Opfern dafür Sorge zu tragen, ſtärker und mächtiger
8081 771 9524 840 aus dem Kriege hervorzugehen als wir in ihn eingetreten waren.
8086 811 9522 885 Ferner unſere Gegner deratt zu zerſch mettern und zu vernichten, daß
8081 860 9523 933 ſie ſich nie wieder erheben könnten, für uns jeden möglichen Vorteil
8078 905 9520 979 herauszuholen und nach dem alten Spruche zu handeln „vae victis“!
8085 949 9525 1027 Es gab eine andere Auffaſſung von der großen Aufgabe, die wir als
8081 994 9516 1072 Ergebnis des Krieges zu erfüllen hatten: Das war eine gerechte und
8079 1048 8509 1099 dauerhafte Regelung.
8181 1107 9518 1184 — Die holländiſchen Abgeordneten für den Ab⸗
8073 1151 9517 1233 ſchluß eines Wirtſchaftsabkommens zwiſchen Großbritannien
8075 1209 9514 1291 und den Niederlanden ſind der „Morning Poſt“ zufolge vor⸗
8078 1256 8793 1321 geſtern in London angekommen.
8679 1374 8905 1424 Spanien.
8181 1421 9521 1500 Nach langen Erörterungen in der Kammer hat der Miniſter⸗
8070 1469 9506 1555 präſident einer Havasmeldung zufolge dem Könige den Rück⸗
8064 1521 9105 1602 tritt des geſamten Kabinetts angeboten.
8615 1630 8952 1697 Niederlande.
8171 1687 9495 1769 Außer der bereits gemeldeten Mitteilung von der Ent⸗
8063 1735 9496 1821 laſſung des Oberbefehlshabers hat der Kriegsminiſter vor⸗
8063 1792 9491 1876 geſtern in der Zweiten Kammer noch bekannt gegeben, daß
8057 1841 9491 1926 die Truppendepots aufgehoben werden ſollen, was den
8058 1892 9488 1980 Druck der Demobiliſation erleichtern würde, in Zukunft mehr
8057 1945 9484 2037 Urlaub gewährt werden würde als bisher und die Erzeugung
8055 2002 9489 2086 von neuen Geſchützen ſowie die Arbeiten an den befeſtigten
8055 2049 9484 2137 Stellungen eingeſtellt würden; ferner daß ein Teil der mili⸗
8050 2101 9482 2191 täriſchen Vorräte der bürgerlichen Bevölkerung zur Verfügung
8052 2154 9484 2240 geſtellt werde. Die Kammer hat dieſe Mitteilung mit leb⸗
8050 2205 8709 2270 haftem Beifall aufgenommen.
8622 2324 8901 2380 Norwegen.
8152 2371 9474 2453 Bei den am 4. November in 13 Wahlkreiſen abgehaltenen
8040 2420 9477 2508 Entſcheidungswahlen zum Storthing ſind laut Mel⸗
8042 2474 9476 2559 dung des „Wolffſchen Telegraphenbüros“ 10 oppoſitionelle
8041 2521 9468 2614 Rechsparteiler, 2 Sozialiſten, 1 Regierungsparteiler gewählt
8037 2579 9469 2665 worden; in den letzten 55 Kreiſen finden die Entſcheidungs⸗
8028 2632 9467 2719 wahlen am 11. November ſtatt. Bisher ſind gen ählt 35 oppo⸗
8038 2677 9471 2766 ſitionelle Rechtsparteiler, 21 Regierungsparteiler und
8031 2735 9464 2824 14 Sozialiſten. Die Regierungspartei hat bisher 16 Kreiſe
8029 2789 9461 2878 verloren, die Rechtspartei 17 Kreiſe erobert, die Sozialiſten
8028 2840 9467 2927 3 erobert und 2 verloren. Das Ergebnis der letzten Wahlen
8031 2892 9455 2983 zeigt eine weitere Verſchiebung nach rechts und läßt die Stellung
8032 2944 9084 3022 der Regierung als ernſtlich bedroht erſcheinen.
8606 3056 8876 3118 Albanien.
8124 3105 9457 3196 Die Italiener haben nach einer Reutermeldung am
8017 3155 9454 3247 4. November Dulcigno in Albanien und den Hafen von
8025 3214 8425 3276 Antivari beſetzt.
8613 3279 8869 3338 Finnland.
8123 3334 9449 3416 Aus Anlaß der franzöſiſchen Note vom 15. Oktober
8015 3382 9453 3469 1918 und nach der Mitteilung des franzöſiſchen Konſuls
8014 3435 9450 3519 Raynaud vom 18. Oktober hat die finnländiſche Re⸗
8018 3491 9451 3572 gierung dem franzöſiſchen Konful in Helſingfors eine
8014 3539 9451 3623 Antwortnote übergeben. Wie „Wolffs Telegraphenbüro“
8018 3594 9449 3679 meldet, geht die Note von der Annahme aus, daß die fran⸗
8015 3646 9452 3731 zöſiſche Regierung von der Sachlage in Finnland ſchlecht unter⸗
8006 3698 9451 3787 richtet ſei. Zur Zeit der finnländiſchen Selbſtändigkeitserklärung
8007 3745 9446 3838 ſeien die alten, aus der ſchwediſchen Zeit ſtammenden Grundgeſetze
8009 3802 9447 3890 noch in Kraft geweſen und ſeien es auch heute noch. Nach diefen
8013 3852 9441 3938 Geſetzen ſei Finnland Monarchie. Die Republik ſei niemals
8006 3905 9439 3993 in Finnland eingeführt worden. In dem Landtag der nach
8009 3958 9440 4046 Beſiegung des Aufruhrs zuſammengetreten wäre, ſei die Mehr⸗
8007 4010 9437 4097 heit monarchiſtiſch geſinnt geweſen. Wenn die Wahl des Land⸗
8004 4065 9439 4151 tags auf einen deutſchen Fürſten gefallen ſei, ſo ſei zu be⸗
8003 4118 9432 4203 achten, daß Finnland beſchloſſen habe, während des Krieges
8000 4169 9434 4259 Unabhängigkeit und Neutralität zu bewahren. Der Prinz
7999 4220 9434 4306 Friedrich Karl von Heſſen ſei keineswegs Kandidat der
7998 4276 9429 4364 deutſchen Regierung, im Gegenteil ſei die Hinwendung an
7995 4326 9422 4414 ihn ganz freiwillig geſchehen. Falls Finnlands Regierung
7990 4383 9427 4466 unter dem Einfluß der veränderten politiſchen und militäriſchen
7995 4431 9426 4519 Lage die Verhandlungen abgebrochen hätte, ſo müßte
7985 4484 9422 4571 die ritterliche franzöſiſche Nation eine derartige illoyale Politik
7988 4535 9420 4624 ſicher mißbilligen. Die finniſche Regierung weiſe die Be⸗
7985 4588 9417 4674 ſchuldigung zurück, daß Finnland nur ein „deutſcher Vaſallen⸗
7983 4640 9412 4731 ſtaat“ ſei; Deutſchland ſei die einzige Macht geweſen, die Finn⸗
7979 4692 9410 4786 land gegen die Kräfte des Umſturzes habe Hilfe leiſten können.
7973 4745 9409 4837 Finnland ſei nicht von deutſchem Militär beſetzt worden. Es
7969 4799 9415 4888 ſei auch imſtande geweſen, gegen Deutſchlands Gegner eine loyale
7968 4851 9415 4939 Neutralität aufrechtzuerhalten. Das Völkerrecht kenne keine Be⸗
7969 4902 9415 4996 ſtimmung, die es einem neutralen Staat verbiete, eine neue Dynaſtie
7966 4960 9413 5043 aus einem Lande zu wählen, das ſich im Kriege befinde. Die
7966 5008 9411 5098 im Grundgeſetz ſcharf betonte Verantwortlichkeit der finn⸗
7966 5060 9413 5152 ländiſchen Regierungsmitglieder ſei eine genügende Gewähr
7958 5116 9409 5200 gegen eine Königliche Politik, die den Wünſchen der Nation
7964 5167 9405 5255 widerſtreite. Die Regierung hoffe, daß Frankreich das Vor⸗
7964 5220 9401 5310 gehen der finnländiſchen Regierung gerecht beurteilen und daß
7961 5271 9280 5355 das Mißverſtändnis zwiſchen den Ländern beſeitigt werde.
8550 5402 8797 5462 Amerika.
8063 5450 9397 5536 Nach einer Reutermeldung aus New York geht aus den
7952 5498 9397 5591 bisherigen Wahlergebniſſen hervor, daß der Ausgang der
7951 5551 9394 5640 Wahlen recht zweifelhaft iſt. Für das Repräſentanten⸗
7950 5604 9391 5691 haus ſind, ſoweit bisher bekannt, 219 Republikaner und
7924 5658 9387 5749 183 Demokraten gewählt worden. Die übrigen Wahl⸗
7942 5711 9392 5801 ergebniſſe ſtehen noch aus, aber eine republikaniſche Mehrheit
7942 5761 9385 5855 iſt bereits geſichert. Im Senat erhielten die Demokraten 45,
7933 5813 9379 5905 die Republikaner 44 Sitze. In vier von den übrig
7932 5866 9382 5964 bleibenden 7 Wahlbezirken ſind die Ausſichten für die Repu⸗
7927 5915 8305 5991 blikaner günſtig.
8439 6134 8887 6204 Kriegsnachrichten.
8042 6202 9376 6291 Trotz aller gewaltigen Anſtrengungen der letzten Tage,
7929 6254 9377 6344 trotz der ſich durch die amerikaniſche Hilfe täglich ſteigernden.
7926 6305 9381 6397 Uebermacht an Menſchen und Material, trotz der nun völlig
7921 6360 9382 6449 durchgeführten Iſolierung Deutſchlands, ſehen die Führer der
7930 6410 9376 6498 Ententeheere die Hoffnung auf den oft beabſichtigten und nie
7927 6464 9371 6550 erreichten Durchbruch durch die deutſche Weſtfront im November⸗
7918 6516 9377 6607 nebel abermals entſchwinden. Das von der Oberſten Heeres⸗
7922 6563 9369 6663 leitung angeordnete und völlig planmäßig zur Durch⸗
7918 6616 9371 6715 führung gelangte Abſetzen der deutſch n Front vermindert
7922 6670 9371 6767 für die feindliche Führung die Ausſichten, den erſtrebten ver⸗
7927 6726 9370 6822 nichtenden Schlag noch in dieſem Jahre zu tun. Die Zweck⸗
