9928 7096
455 410 1291 467 Schleswig und Umgegend, eingetra⸗
456 464 1291 512 g ne Denoſſenſchaft mit beſchränkter
453 509 1294 556 Haſtpſlicht in Schleswig eingetragen:
502 553 1289 600 Der Zimmerer Johann Büll in Schles⸗
449 599 1296 649 wig iſt aus dem Vorſtande ausgeſchieden
449 643 1295 693 uns an ſeiner Stelle neu gewählt der
451 689 1295 738 T ſchlermeiſter Auguſt Hirſchelmann in
455 735 663 781 Schleswig.
495 781 1257 827 Schleswig, den 18. Dezember 1917.
534 826 1199 875 Königliches Amtsgericht. Abt. 2.
1140 897 1288 942 [54372]
453 892 814 939 Spaichingen.
498 939 1293 987 In das Genoſſenſchaftsregiſter wurde
449 985 1290 1032 am 26. Dezember 1917 bei dem Konſum⸗
446 1031 1285 1080 verein Spaichingen und Umgegend,
453 1076 1286 1122 eingetragene Genoſſenſchaft mit be⸗
448 1122 1290 1172 ſchränkter Haftpflicht in Spaichingen
451 1168 686 1213 eingetragen:
495 1211 1289 1260 In der Generalverſammlung vom
452 1258 1291 1306 18 November 1917 wurden die §§ 44
445 1303 1282 1353 und 46 der Statuten dahin abgeändert,
451 1349 1286 1398 daß der Geſchäftsanteil des Genoſſen und
443 1395 1284 1444 die Haftſumme desſelben auf je 50 ℳ
450 1442 770 1487 feſtgeſetzt wurde.
562 1486 1174 1535 K. Amtsgericht Spaichingen.
618 1531 1101 1576 Oberamtsrichter Buob.
1125 1596 1282 1649 [53998]
443 1600 931 1643 Stargard, Pomm.
485 1646 1289 1693 Die durch Satzung vom 7. November
446 1691 1281 1739 1917 unter der Firma „Elektrizitäts⸗
435 1738 1277 1785 und Maſchinengenoſſenſchaft Wul⸗
438 1783 1281 1830 kow, Kreis Saatzig, eingetragene
440 1829 1280 1876 Genoſſenſchaft mit beſchränkter Haft⸗
444 1874 1282 1922 pflicht“, mit dem Sitze zu Wulkow
440 1919 1278 1966 begründete Genoſſenſchaft iſt heute unter
439 1965 1280 2012 Nr. 70 in unſer Genoſſenſchaftsregiſter
437 2011 1282 2059 eingetragen. Gegenſtand des Unternehmens
441 2057 1277 2105 iſt die Benutzung und Verteilung von
439 2101 1281 2150 elektriſcher Energie und die gemeinſchaftliche
441 2147 1278 2195 Anlage, Unterhaltung und der Betrieb
438 2193 1277 2240 von landwirtſchaftlichen Maſchinen und
438 2239 1272 2286 Geräten. Bekanntmachungen der Genoſſen⸗
436 2285 1272 2335 ſch ft erfolgen unter deren Firma, ge⸗
439 2331 1275 2378 zeich et von 2 Vorſtandsmitgliedern, in
433 2376 1275 2424 dem Pommerſchen Genoſſenſchaftsblatt in
434 2421 1271 2470 Stettin, beim Eingeben des letzteren bis
431 2468 1270 2514 zur nächſten Generalverſammlung durch
432 2513 1268 2561 den Deutſchen Reichsanzeiger. Mitglieder
434 2559 1273 2606 des Vorſtands ſind: Guſtav Utech, Fer⸗
438 2605 1271 2652 dinand Retzlaff und Frau Nicolai, ſämt⸗
431 2650 1268 2697 liche in Wulkow. Willenserklärungen für
430 2697 1266 2743 die Genoſſenſchaft erfolgen durch mindeſtens
432 2742 1273 2790 2 Vorſtandsmitglieder, indem dieſe der
434 2787 1266 2834 Firma ihre Namensunterſchrift beifügen.
429 2833 1271 2882 Die Haftſumme beträgt 100 ℳ, die
432 2879 1270 2927 höchſte Zahl der Geſchäftsanteile 100.
434 2924 1266 2973 Die Einſicht der Liſte der Genoſſen iſt
429 2971 1264 3015 während der Dienſtſtunden des Gerichts
431 3017 1263 3065 jedem geſtattet. Stargard i. Pomm,
428 3062 1265 3109 den 19. Dezember 1917. Königliches
426 3110 668 3157 Amtsgericht.
1113 3175 1263 3227 [54374]
428 3173 682 3224 Themar.
476 3223 1263 3272 In das Genoſſenſchaftsregiſter in zu
426 3270 1261 3317 Nr. 4 — Konſumverein zu Reurieth
429 3316 1266 3364 eingetragene Genoſſenſchaft mit be⸗
436 3362 1263 3410 ſchränkter Haftpflicht in Reurieth —
427 3408 1262 3455 heute eingetragen worden, daß für den zum
427 3452 1260 3502 Heeresdienſt einberufenen Kontrolleur Hein⸗
424 3499 1263 3548 rich K ßler das Au ſichtsratsmitglied Jo⸗
424 3544 1264 3593 hann Karl Adler in Reurieth weiter bis
418 3591 1266 3636 zum 31. Dezember 1918 zum Stellvertreter
423 3638 786 3681 beſtellt worden iſt.
471 3682 1175 3731 Themar, den 28. Dezember 1917.
594 3729 1088 3777 Herzogliches Amtsgericht.
1111 3798 1255 3847 [54375]
421 3800 599 3842 Uchte.
468 3835 1256 3895 Zu Nr. 8 des Genoſſenſchaftsregiſters
418 3890 1257 3937 iſt bei der Geflügelzucht⸗ und Eier⸗
419 3936 1259 3984 verkaufsgenoſſenſchaft Brüninghor⸗
414 3982 1254 4030 ſtedt und Umgegend, e. G. m. b. H.
421 4028 1255 4073 unter laufender Nr. 2 eingetragen, daß
415 4073 1254 4119 Landwirt Auguſt Walike in Brüninghorſt⸗
417 4119 1254 4166 ſtedt Nr. 26 als Stellvertreter des zum
419 4164 1253 4214 Heere eingezogenen Auguſt Müller ge⸗
416 4212 607 4255 wählt iſt.
444 4257 1236 4306 Amtsgericht Uchte, 21. Dezember 1917.
1107 4322 1257 4373 [54377]
420 4322 778 4372 Ueberlingen.
469 4371 1260 4419 Zum Genoſſenſchaftsregiſter Band I
416 4417 1253 4465 O⸗Z. 20, betr. den Ländlichen Credit⸗
415 4463 1256 4510 verein Homberg e. G. m. u. H. in
414 4508 1256 4557 Limpach, wurde heute eingetragen: In
414 4555 1256 4603 der Generalverſammlung vom 11. No⸗
415 4601 1257 4648 vember 1917 wurde das Vorſtandsmitglied
418 4647 1256 4695 Gebhard Hügle zum Direktor gewählt an
417 4693 1254 4740 Stelle des durch Tod ausgeſchiedenen Kon⸗
417 4738 1253 4785 ſtantin Hornſtein. Als weiteres Vor⸗
417 4785 1252 4832 ſtandsmitglied und zugleich als Stellver⸗
420 4831 1255 4877 treter des Direktors wurde Landwirt
420 4877 1075 4923 Lorenz Karrer in Burg gewählt.
461 4922 1255 4970 Ueberlingen, den 24. Dezember 1917.
672 4969 1008 5016 Gr. Amtsgericht.
1105 5039 1253 5085 [54002]
414 5034 802 5087 Zweibrücken.
570 5085 1098 5132 Genoſſenſchaftsregiſter.
463 5130 1262 5177 Firma: Einkaufs⸗ und Lieferungs⸗
415 5176 1255 5224 genoſſenſchaft der Bäcker⸗Innung
413 5222 1254 5271 von Zweibrücken & Umgebung, ein⸗
419 5269 1251 5316 getragene Genoſſenſchaft mit be⸗
411 5313 1253 5363 ſchränkter Haftpflicht. Sitz: Zwei⸗
413 5360 1251 5405 brücken. Auf Grund Statuts vom
417 5405 1253 5452 6. Dezember 1917 wurde unter der Firma:
422 5450 1253 5498 „Einkaufs⸗ und Lieferungsgenoſſenſchaft der
416 5497 1252 5544 Bäcker⸗Innung von Zweibrücken & Um⸗
414 5543 1254 5589 gebun, eingetragene Genoſſenſchaft mit
416 5588 1249 5637 beſchränkter Haftpflicht“ eine Genoſſen⸗
414 5635 1249 5683 ſchaft mit dem Sitze in Zweibrücken ge⸗
414 5680 1251 5727 gründet. Gegenſtand des Unternehmens
414 5726 1252 5774 iſt: die gewerblichen und wirtſchaftlichen
417 5772 1250 5820 Intereſſen der Mitglieder zu fördern, ins⸗
414 5817 1246 5864 beſondere durch Ankauf von Rohmaterialien,
414 5863 1252 5911 Waren, Bedarfsartikeln, Maſchinen, Werk⸗
411 5909 1245 5958 zeugen uſw. für gemeinſchaftliche Rech⸗
409 5955 1245 6003 nung ſowie größere Lieferungen und Auf⸗
415 6001 1246 6049 träge gemeinſchaftlich zu übernehmen und
415 6047 1253 6096 auszuführen. Die öffentlichen Bekannt⸗
415 6093 1250 6140 machungen der Genoſſenſchaft ergehen in
414 6139 1253 6186 der „Allgemeinen deutſchen Bäcker⸗ und
415 6183 1246 6232 Konditorzeitung“ in Stuttgart. Sie ſind
417 6229 1247 6278 von mindeſtens zwei Vorſtandsmitgliedern
419 6276 1252 6323 zu unterzeichnen. Die von dem Auſſichts⸗
417 6322 1246 6371 rat ausgehenden werden unter Nennung
419 6367 1245 6414 desſelben von dem Vorſitzenden unter⸗
420 6413 1245 6460 zeichnet. Die Genoſſenſchaft wird durch
417 6457 1248 6507 den Vorſtand gerichtlich und außergericht⸗
416 6503 1253 6552 lich vertreten. Willenserklärungen und
419 6549 1243 6598 die Zeichnung der Firma durch den Vor⸗
1324 416 2170 466 ſtand müſſen, um für die Genoſſenſchaft
1323 465 2167 513 Dritten gegenüber Rechtsverbindlichkeit zu
1322 510 2169 558 beſitzen, ſlets durch zwei Vorſtandsmitglieder
1327 557 2166 605 erfolgen. Die Haſtſumme jedes Mitglieds
1324 603 2164 648 wird auf 1000 ℳ und der Geſchäftsanteil
1320 647 2169 694 auf 500 ℳ feſtgeſetzt. Die Beteiligung
1325 692 2166 738 an mehr als drei Geſchäftsanteilen iſt nicht
1326 738 2164 783 geſtattet. Vorſtandsmitglieder: 1) Karl
1321 784 2164 830 Dorſt, Bäckermeiſter in Zweibrücken,
1323 829 2162 876 2) Peter Schneider, Bäckermeiſter allda,
1323 874 2163 922 3) Ludwig Ewig, Bäckermeiſter in Nieder⸗
1320 919 2161 966 auerbach. Die Einſicht der Liſte der Ge⸗
1323 965 2163 1012 noſſen iſt während der Dienſtſtunden des
1322 1011 1807 1058 Gerichts jedem geſtattet.
1367 1056 2163 1103 Zweibrücken, den 24. Dezember 1917.
1568 1102 1914 1149 Kgl. Amtsgericht.
1372 1250 2113 1363 9) Muſterregiſter.
2008 1475 2158 1520 [54208]
1317 1373 2160 1419 (Die ausländiſchen Muſter werden
1416 1418 2059 1464 unter Leipzig veröffentlicht.)
1317 1477 1872 1517 Oberndorf, Neckar.
1362 1519 2154 1566 In das Muſterregiſter wurde heute ein⸗
1316 1568 1495 1613 getragen:
1362 1611 2162 1658 Nr. 375. Firma Gebrüder Jung⸗
1316 1657 2152 1703 hans, Aktiengeſellſchaft in Schram⸗
1317 1702 2153 1750 berg, 1 offener Briefumſchlag, enthaltend
1314 1747 2154 1796 einen Briefbogen, Flächenerzeugnis, Schutz⸗
1313 1794 2152 1840 friſt 3 Jahre, angemeldet am 21. De⸗
1312 1839 1879 1886 zember 1917, Vorm. 9 Uhr.
1358 1885 1864 1930 Den 21. Dezember 1917.
1356 1930 2105 1978 Kgl. Amtsgericht Oberndorf a. N.
1520 1975 1940 2023 Amtsrichter Majer.
2001 2043 2151 2094 [54209]
1312 2047 1856 2088 Oberndorf, Neckar.
1357 2091 2148 2138 In das Muſterregiſter wurde heute ein⸗
1311 2140 1494 2183 getragen:
1348 2179 2149 2230 Nr. 372. Erhard Junghans, Kom⸗
1308 2229 2149 2276 merzierrat in Schramberg, 1 ver⸗
1307 2274 2151 2321 ſiegeltes Paket, enthaltend 42 Zeichnungen
1306 2319 2147 2368 von Uhrgehäuſen, Nr. 1 a, 2 a, 3 a, 3 c,
1307 2367 2146 2414 4 a, 7 a, 7 b, 8 b, 8 c, 11 a, 12 a, 16 a,
1305 2409 2149 2459 16 b, 22 a, 34 a, 34 b, 40, 40 a, 41, 42,
1303 2458 2147 2504 42 a, 43, 43 a, 44, 45, 46, 47, 48, 49,
1304 2501 2146 2552 50, 51, 52 a, 52 b, 53, 54, 55, 57, 58,
1305 2546 1602 2595 59, 60, 61, 62,
1344 2593 2145 2642 Nr. 373, derſelbe, ein verſiegeltes
1304 2639 2146 2690 Paket, enthaltend a. 24 Zeichnungen von
1304 2687 2144 2733 geraden und gewundenen Profilen für Uhr⸗
1304 2732 2143 2780 gehäuſe, Nr. 1, 2, 3, 4, 5, 6, 7, 8, 9,
1302 2777 2144 2827 10, 11, 12, 13, 14, 15, 16, 17, 18, 19,
1303 2822 2145 2873 20, 21, 22, 23, 24, b. 20 Zeichnungen
1302 2866 2141 2918 von Füßen zu Uhrgehäuſen, Nr. 1, 2, 3,
1302 2914 2144 2964 4, 5, 6, 7, 8, 9. 10, 11, 12, 13, 14, 15,
1305 2959 2148 3010 16, 17, 18, 19, 20, c. 5 Zeichnungen von
1309 3005 2140 3060 Glocken zu W ckeruhren, Nr. 101, 102,
1304 3054 1589 3099 103, 104, 105,
1349 3097 2146 3148 Nr. 374, derſelbe, ein verſiegeltes
1304 3142 2143 3193 Paket, enthaltend a. 15 Zeichnungen von
1302 3192 2140 3240 Griffen zu Uhrgehäuſen, Nr. 1, 2, 3, 4,
1301 3236 2142 3286 5, 6, 7, 8, 9, 10, 11, 12, 13, 14, 15,
1302 3283 2143 3330 b. 4 Zeichnungen von Füßen zu Uhr⸗
1300 3330 2145 3378 gehäuſen, Nr. 21, 22, 23, 24, plaſtiſche
1299 3373 2144 3424 Erzeugniſſe, Schutzfriſt 3 Jahre, ange⸗
1298 3420 2139 3471 meldet am 19. Dezember 1917, Vormittags
1297 3467 1615 3512 9 Uhr 20 Min.
1340 3514 1854 3559 Den 21. Dezember 1917.
1343 3559 2096 3610 Kgl. Amtsgericht Oberndorf a. N.
1500 3605 1924 3654 Amtsrichter Majer.
1990 3675 2136 3721 [54210]
1299 3674 1575 3715 Radeberg.
1341 3718 2136 3769 Im hieſigen Muſterregiſter iſt einge⸗
1293 3766 1594 3808 tragen worden:
1339 3810 2134 3860 Zu Nr. 197: Firma Franz Groh⸗
1293 3858 2136 3907 ma n in Großokrilla. Die Schutzfriſt
1293 3903 2138 3951 iſt zu 2 der Muſter, und zwar zu dem
1295 3949 2137 3998 Henkelbecher mit Märchenbild Fuchs und
1291 3995 2135 4042 dem Henkelbecher mit Märchenbild Rot⸗
1292 4041 2131 4091 käppchen, Fabriknummern 3235 und 3236,
1291 4087 2129 4136 auf weitere drei Jahre verlängert worden.
1296 4134 2134 4184 Angemeldet am 29. November 1917, Vor⸗
1290 4179 1613 4227 mittags ¾ 9 Uhr.
1336 4226 2082 4273 Radeberg, den 29. Dezember 1917.
1470 4271 1957 4320 Königliches Amtsgericht.
1983 4356 2129 4402 [54211]
1292 4354 1846 4396 Sonneberg, S.-Mein.
1336 4398 2130 4450 Im hieſigen Muſterregiſter iſt einge⸗
1292 4447 1592 4489 tragen worden:
1334 4489 2131 4540 Nr. 277. Firma Peter Scherf in
1296 4538 2129 4586 Sonneberg, offenes Paket, enthaltend
1293 4581 2128 4633 ein Oſterei mit Pappe, Fabriknummer 100,
1294 4629 2134 4679 Muſter für plaſtiſche Erzeugniſſe, Schutz⸗
1292 4674 2129 4723 friſt drei Jahre, angemeldet am 23. De⸗
1293 4720 1951 4770 zember 1917, Vormittags 9 Uhr.
1335 4768 2129 4816 Sonneberg, S.⸗M., den 24. Dezember
1290 4809 1400 4858 1917.
1413 4858 2001 4907 Herzogl. Amtsgericht. Abt. I.
1981 4940 2132 4992 [54212]
1292 4937 1880 4983 Wittenburg, Mecklb.
1337 4984 2130 5035 In das Muſterregiſter des unterzeich⸗
1291 5030 1992 5078 neten Amtsgerichts iſt eingetragen:
1331 5074 2127 5126 Nr. 2. H. Ludwig'ſche Adlerapo⸗
1287 5122 2131 5170 theke und Chemiſche Fabrik, Witten⸗
1288 5167 2132 5216 burg (Meckl.), Apotheker H. Herr⸗
1286 5214 2130 5263 mann, in Wittenburg (Meckl.), ein
1285 5260 2130 5309 offener Briefumſchlag, enthaltend 3 Muſter,
1289 5305 2132 5355 1 Faltſchachtel, 2 Flaſchenetiketten, Flächen⸗
1286 5351 2136 5403 erzeugniſſe, Nr. 2 des Muſterbuchs, Schutz⸗
1289 5398 2136 5445 friſt 3 Jahre, angemeldet am 24. Juli
1288 5443 2096 5489 1917, Vormittags 11 Uhr 35 Minuten.
1332 5490 2019 5537 Wittenburg, 22. Oktober 1917.
1412 5535 2012 5585 Großherzogliches Amtsgericht.
1422 5670 2012 5806 11) Konkurſe.
1982 5824 2133 5873 [54213]
1283 5824 1501 5863 Aachen.
1330 5868 2132 5918 Ueber den Nachlaß des am 8. Mai 1917
1283 5916 2139 5961 in Aachen verſtorbenen Kaufmanns
1283 5962 2130 6009 Lorenz Wolff iſt am 27. Dezember
1282 6007 2132 6055 1917, Mittags 12 Uhr, das Konkursver⸗
1282 6054 2129 6100 fahren eröffnet worden. Verwalter iſt
1281 6098 2128 6146 der Rechtsanwalt Juſtizrat Helpenſtein
1281 6144 2128 6192 in Aachen, Harskampſtraße. Offener Arreſt
1283 6190 2129 6237 mit Anzeigefriſt bis zum 22. Januar 1918.
1281 6235 2125 6283 Ablauf der Anmeldefriſt an demſelben
1281 6281 2124 6331 Tage. Erſte Gläubigerverſammlung und
1283 6327 2126 6376 allgemeiner Prüfungstermin am 29 Ja⸗
1284 6375 2123 6421 nuar 1918, Vormittags 10 ½ Uhr,
1283 6418 2126 6467 an hieſiger Gerichtsſtelle, Auguſta⸗
1284 6463 1739 6511 ſtraße 79, Zimmer 12.
1320 6509 2024 6556 Aachen, den 27. Dezember 1917.
1314 6554 2091 6606 Königliches Amtsgericht. Abteilung 5.
2889 413 3042 464 [54217]
2203 417 2510 459 Darmstadt.
2246 462 3042 510 Ueber den Nachlaß des Rentners Wil⸗
2196 508 3046 559 helm Nickel von Darmſtadt iſt am
2198 552 3040 600 28. Dezember 1917, Vormittags 11 ¾ Uhr,
2199 599 3039 644 das Konkursverfahren eröffnet worden.
2204 644 3038 691 Der Amtsgerichtstaxator Ludwig Raab in
2203 688 3041 736 Darmſtadt iſt zum Konkursverwalter be⸗
2203 733 3041 780 ſtimmt worden. Offener Arreſt mit An⸗
2197 780 3036 827 zeigefriſt iſt bis zum 21. Januar 1918,
2200 825 3035 873 Forderungsanmeldefriſt bis zum 21. Ja⸗
2195 871 3035 917 nuar 1918 und erſte Gläubigerverſamm⸗
2197 916 3037 964 lung und allgemeiner Prüfungstermin auf
2197 962 3034 1010 Dienstag, den 29. Januar 1918,
2197 1009 3041 1054 Vormittags 10 ½ Uhr, vor dem unter⸗
2197 1052 3036 1100 zeichneten Gericht, Zimmer 222, beſtimmt
2197 1100 2345 1143 worden.
2245 1143 3009 1189 Darmſtadt, den 28. Dezember 1917.
2416 1189 2808 1236 Gr. Amtsgericht I.
2884 1280 3030 1327 [54220]
2195 1277 2636 1325 Habelschwerdt.
2237 1326 3038 1373 Ueber den Nachlaß des am 14. No⸗
2189 1371 3031 1418 vember 1917 geſtorbenen Schuhmachers
2192 1418 3033 1464 Anton Neutzier aus Verlarenwaſſer
2191 1462 3032 1510 wird heute, am 29. Dez mber 1917, Vor⸗
2191 1509 3032 1557 mittags 11 Uhr, das Konkursverfahren
2190 1554 3031 1603 eröffnet. Der Kaufmann Fritz Wolf
2190 1600 3028 1646 in Habelſchwerdt wird zum Konkurs⸗
2191 1646 3027 1691 verwalter ernannt. Konkursforderungen
2190 1691 3034 1737 ſind bis zum 22. Januar 1918 bei dem
2191 1736 3027 1781 Gerichte anzumelden. Es wird zur
2191 1781 3021 1829 Beſchlußfaſſung über die Beibehaltung
2186 1827 3027 1875 des ernannten oder die Wahl eines
2188 1873 3024 1918 anderen Verwalters ſowie über die
2190 1918 3020 1966 Beſtellung eines Gläubigerausſchuſſes
2188 1965 3028 2012 und eintretendenfalls über die im § 132
2187 2011 3024 2058 der Konkursordnung bezeichneten Gegen⸗
2185 2057 3020 2103 ſtände und zur Prüfung der angemeldeten
2185 2102 3020 2149 Forderungen auf den 30. Januar 1918,
2184 2146 3025 2197 Vormittags 10 Uhr, vor dem unter⸗
2183 2195 3027 2240 zeichneten Gerichte, Zimmer 16, Termin an⸗
2184 2239 3022 2285 beraumt. Allen Perſonen, welche eine zur
2182 2285 3020 2333 Konkursmaſſe gehörige Sache in Beſitz
2185 2331 3016 2378 haben oder zur Konkursmaſſe etwas ſchuldig
2185 2377 3023 2426 ſind, wird aufgegeben, nichts an den Gemein⸗
2181 2423 3020 2471 ſchuldner zu verabfolgen oder zu leiſten, auch
2182 2469 3023 2517 die Verpflichtung auferlegt, von dem Beſitze
2187 2516 3019 2561 der Sache und von den Forderungen, für
2184 2561 3012 2608 welche ſie aus der Sache abgeſonderte
2182 2607 3020 2655 Befriedigung in Anſpruch nehmen, dem
2179 2653 3023 2701 Konkursverwalter bis zum 22. Januar
2185 2699 2674 2746 1918 Anzeige zu machen.
2178 2744 3015 2798 Königliches Amtsgericht in Habelſchwerdt.
2869 2838 3016 2885 [54219]
2181 2832 2580 2881 Hagen, Westf.
2225 2883 3015 2931 Ueber das Vermögen des Kaufmanns
2178 2929 3014 2977 Willi Karhoff in Hagen i. W,
2180 2976 3016 3022 alleinigen Inhabers der Firma Her⸗
2178 3022 3016 3068 manns u. Froitzheim Nachf zu Hagen
2177 3068 3014 3113 i. W, iſt am 27. Dezember 1917, Mittags
2180 3112 3013 3159 12 Uhr, das Konkursverfahren eröffnet.
2180 3157 3014 3205 Verwalter iſt der Kaufmann Theodor
2176 3205 3014 3254 Zambroich zu Hagen i. W. Offener Arreſt
2175 3251 3017 3297 iſt erlaſſen mit Anzeigefriſt bis zum
2177 3297 3014 3342 12. Februar 1918. Die Anmeldefriſt läuft
2174 3343 3010 3389 ab am 12. Februar 1918. Die erſte
2175 3388 3010 3436 Gläubigerverſammlung iſt auf den
2171 3435 3008 3483 25. Januar 1918, Vormittags
2175 3481 3011 3528 10 ¼ Uhr. der allgemeine Prüfungstermin
2174 3527 3011 3572 auf den 22. Februar 1918, Vor⸗
2174 3573 3012 3621 mittags 10 Uhr, vor dem unterzeichneten
2175 3616 2923 3665 Gericht, Zimmer Nr. 28, anberaumt.
2199 3665 2985 3717 Königliches Amtsgericht Hagen i. W.
2859 3789 3011 3840 [54215]
2171 3790 2375 3837 Berlin.
2216 3838 3009 3886 Das Konkursverfahren über den Nachloß
2171 3884 3010 3932 des am 5. Februar 1915 verſtorbenen,
2170 3929 3014 3977 in Berlin, Blankenfeldeſtr. 8, wohnhaft
2169 3978 3008 4025 geweſenen Kaufmanns Hugo Sonn⸗
2170 4023 3008 4069 abend iſt infolge Schlußverteilung nach
2171 4069 3006 4118 Abhaltung des Schlußtermins aufgehoben
2168 4115 2320 4159 worden.
2213 4161 2907 4208 Berlin, den 13. Dezember 1917.
2166 4206 3005 4255 Der Gerichtsſchreiber des Königlichen Amts⸗
2248 4253 2925 4300 gerichts Berlin⸗Mitte. Abt. 154.
2850 4346 3005 4395 [54214]
2166 4340 2375 4389 Berlin.
2212 4390 3006 4436 In dem Konkursverfahren über das
2166 4436 3004 4484 Vermögen des Guſtav Heymann
2166 4483 3005 4531 (Herrenſchneiderei nach Maß) in
2165 4528 3004 4576 Berlin, Dirckſenſtr. 50, iſt zur Abnahme
2163 4575 3006 4623 der Schlußrechnung des Verwalters ſowie
2164 4621 3003 4668 zur Anhörung der Gläubiger über die Er⸗
2165 4668 3005 4717 ſtattung der Auslagen und die Gewährung
2164 4712 3005 4761 einer Vergütung an die Mitglieder des
2165 4759 3006 4806 Gläubigerausſchuſſes der Schlußtermin auf
2165 4805 3002 4852 den 22. Januar 1918, Vormittags
2163 4852 3003 4900 10 ½ Uhr, hierſelbſt, Neue Friedrichſtr. 13/14,
2162 4897 2965 4945 III. Stockwerk, Zimmer 111, beſtimmt.
2210 4944 2882 4989 Berlin, den 27. Dezember 1917.
2165 4989 3002 5039 Der Gerichtsſchreiber des Königlichen Amts⸗
2209 5035 2958 5086 gerichts Berlin⸗Mitte. Abteilung 83.
2855 5142 3003 5189 [54216]
2168 5139 2608 5184 Charlottenburg.
2211 5185 3004 5232 Das Konkursverfahren über das Ver⸗
2164 5232 3003 5277 mögen des Fabrikanten Martia
2168 5276 3002 5325 Ewerth, Inhabers der Firma Mär⸗
2167 5322 2999 5370 kiſche Schuhfabrik in Charlotten⸗
2167 5369 3002 5416 burg, Gervinusſtr. 11, wird, nachdem der
2166 5413 3002 5462 in dem Vergleichstermine vom 13. Juni
2169 5459 3001 5510 1917 angenommene Zwangsvergleich durch
2166 5503 3002 5557 rechtskräftigen Beſchluß vom ſelben Tage
2168 5548 2844 5598 beſtätigt iſt, hierdurch aufgehoben.
2202 5595 3002 5646 Charlottenburg, den 27. Dezember 1917.
2340 5642 2819 5690 Königliches Amtsgericht.
2851 5735 3001 5781 [54218]
2167 5732 2442 5775 Duisburg.
2213 5778 2997 5824 Das Konkursverſahren über das Ver⸗
2166 5825 3000 5871 mögen des Kaufmanns Julius Geibel,
2165 5869 3000 5916 Inhabers der Firma Julius Geibel,
2165 5916 3001 5962 zu Duisburg wird nach erfolgter Ab⸗
2166 5961 2947 6008 haltung des Schlußtermins aufgehoben.
2210 6007 2959 6054 Duisburg, den 27. Dezember 1917.
2347 6052 2827 6100 Königliches Amtsgericht.
2848 6146 2998 6192 [54207]
2159 6146 2646 6190 Kempten, Allgäu.
2208 6191 2997 6237 Das Kgl. Amtsgericht Kempten hat mit
2161 6238 2994 6285 Beſchluß vom Heutigen das Konkursver⸗
2159 6283 2994 6330 fahren über das Vermögen des Land⸗
2156 6328 2980 6376 wirts Franz Joſef Wirth in Fahls
2160 6375 2998 6423 Gde. Furach, nach Abhaltung des Schluß⸗
2157 6422 2998 6472 termins auf Grund rechtskräftig beſtätigten
2162 6466 2892 6515 Zwangsvergleichs wieder aufgehoben.
2202 6514 2926 6559 Kempten, den 27. Dezember 1917.
2181 6558 2970 6608 Gerichtsſchreiberei des K. Amtsgerichts.
3763 413 3919 467 [54213]
3074 414 3550 460 Land k, Sehles.
3124 461 3919 510 Das Konkursverfahren über das Ver⸗
3075 509 3916 555 mögen der verw. Frau Volkdirektor,
3072 552 3918 603 früheren Logishauspächterin Helene
3073 596 3914 645 Prietzel, geb. John, aus Niederthal⸗
3076 645 3912 692 heim wird, nachdem der in dem Ver⸗
3074 646 3915 737 gleichstermine vom 3. November 1917
3073 732 3912 784 angenommene Zwangsvergleich durch rechts⸗
3075 781 3913 830 kräftigen Beſchluß von demſelben Tage
3070 826 3752 874 beſtätigt iſt, hierdurch aufgehoben.
3119 872 3802 916 Landeck, den 22. Dezember 1917.
3261 918 3737 964 Königliches Amtsgericht.
3762 987 3910 1032 [54241]
3067 981 3448 1029 Langendreer.
3119 1031 3911 1076 Das Konkursverfahren über das Ver⸗
3070 1077 3910 1124 mögen der Ehefrau Paul Bühring,
3070 1121 3910 1168 Clara geb. Scholz. Putz⸗ und Mode⸗
3069 1168 3909 1213 wareugeſchäft in Werne, wird, nach⸗
3069 1212 3916 1260 dem die Schlußverteilung nach Abhaltung
3068 1259 3914 1306 des Schlußtermins vorgenommen, hierdurch
3067 1306 3294 1343 aufgehoben.
3112 1346 3907 1396 Langendreer, den 18. Dezember 1917.
3258 1395 3732 1442 Königliches Amtsgericht.
3759 1466 3909 1511 [54242]
3069 1465 3485 1506 Löwen, Schles.
3115 1510 3909 1554 In dem Konkursverfahren über das Ver⸗
3065 1556 3907 1603 mögen des Kaufmanns Richard Rieger
3065 1602 3908 1650 in Löwen i. Schleſ. iſt zur Prüfung
3064 1646 3906 1694 der nachträglich angemeldeten Forderungen
3063 1692 3907 1737 auf den 22 Januar 1918, Vor⸗
3063 1739 3905 1784 mittags 10 Uhr, vor dem Königlichen
3065 1782 3906 1828 Amtsgericht in Löwen Termin anberaumt.
3104 1827 3786 1872 Löwen. den 18. Dezember 1917.
3243 1873 3724 1920 Königliches Amtsgericht.
3754 1945 3907 1991 [54244]
3060 1942 3366 1982 Mannheim.
3106 1987 3901 2034 Das Konkursverfahren über das Ver⸗
3059 2034 3899 2082 mögen des Apothekers Joſef Bongartz,
3058 2078 3900 2128 früher in Mannheim, jetzt in Cöln,
3059 2124 3904 2175 wurde nach rechtskräftiger Beſtätigung des
3058 2170 3646 2217 Zwangsvergleichs aufgehoben.
3107 2216 3904 2261 Mannheim, den 20. Dezember 1917.
3059 2261 3900 2311 Der Gerichtsſchreiber Gr. Amtsgerichts. Z. 6.
3748 2333 3900 2381 [54245]
3055 2327 3418 2374 M.-Gladbach.
3099 2375 3898 2421 Das Konkursverfahren über das Ver⸗
3053 2419 3901 2471 mögen der Firma Schirmfabrik „Rhein⸗
3054 2467 3903 2516 land“ G. m. b. H. in M.⸗Gladbach
3055 2512 3898 2564 wird nach erfolgter Abhaltung des Schluß⸗
3055 2559 3649 2607 termins hierdurch aufgeboben.
3101 2605 3900 2652 M.⸗Gladbach, den 21. Dezember 1917.
3234 2651 3719 2700 Königliches Amtsgericht.
3748 2722 3898 2770 [54246]
3052 2716 3396 2765 Nordenham.
3170 2763 3789 2816 Amtsgericht Butjedingen.
3368 2810 3591 2858 Beſchluß.
3101 2856 3897 2907 Das Konkursverfahren über den Nachlaß
3054 2904 3895 2953 des verſtorbenen Malermeiſters Th.
3055 2951 3896 3000 Gerriets aus Burhave wird noch er⸗
3053 2996 3895 3046 folgter Abhaltung des Schlußtermins auf⸗
3054 3036 3216 3087 gehoben.
3099 3088 3892 3135 Nordenham, den 21. Dezember 1917.
3742 3159 3896 3204 [54247]
3053 3152 3210 3200 Syke.
3092 3202 3896 3248 I. In dem Konkursverfahren über das
3051 3247 3893 3296 Vermögen des Gaſtwirts Friedrich
3054 3294 3895 3342 Meyerholz in Fahre horſt iſt Termin
3050 3340 3891 3389 zur Prüfung nachträglich angemeldeter For⸗
3050 3386 3893 3438 derungen, Abnahme der Schlußrechnung,
3052 3431 3891 3481 Erhebung von Einwendungen gegen das
3054 3478 3893 3527 Schlußverzeichnis und Beſchlußfaſſung über
3049 3525 3894 3573 die unverwertbaren Vermögensſtücke auf
3049 3570 3895 3620 den 18 Januar 1918, Vormittags
3050 3616 3891 3665 10 Uhr, anberaumt. II. Die Vergütung
3050 3661 3892 3712 des Konkursverwalters wird auf 60 ℳ,
3047 3707 3893 3757 der Betrag ſeiner Auslagen auf 4,28 ℳ
3048 3752 3238 3799 feſtgeſetzt.
3092 3799 3733 3847 Syke, den 21. Dezember 1917.
3233 3845 3712 3893 Königliches Amtsgericht.
3743 3918 3889 3963 [54248]
3046 3908 3263 3960 Tuchel.
3096 3959 3889 4006 Das Konkursverfahren über das Ver⸗
3044 4006 3890 4055 mögen des Maſchinenhändlers Joſefat
3047 4053 3891 4102 Gorty in Tuchel wird nach erfolgter
3046 4097 3889 4147 Abhaltung des Schlußtermins hierdurch
3042 4144 3270 4191 aufgehoben.
3136 4189 3797 4239 Königliches Amtsgericht Tuchel,
3218 4237 3704 4282 den 20. Dezember 1917.
3161 4385 3781 4499 12) Tarif⸗ und
3094 4501 3829 4616 Fahrplanbekannt⸗
3046 4619 3882 4731 machungen der Eiſen⸗
3310 4735 3617 4846 bahnen.
3042 4841 3194 4891 [54201]
3073 4894 3886 4942 Ausnahmetarif ſür Düngemittel
3039 4939 3889 4991 uſw. (Tſv. 2). Vom 1. März 1918
3039 4985 3887 5034 an gelten für Kalidüngeſalze, auch
3040 5032 3884 5081 ſchwefelfaure Kalimagneſia, bis zu einem
3042 5076 3881 5126 Höchſtgehalt von 42 % reinem Ka i, auch
3042 5124 3882 5171 kalziniert, und Kieſerit, kalziniert, ge⸗
3039 5169 3882 5215 mahlen, die gleichen beſonderen An⸗
3040 5214 3882 5262 wendungsbedingungen wie für rohe Kali⸗
3040 5259 3881 5307 ſalze. Die Frachtermäßigung um 20 v. H.
3040 5304 3885 5352 wird alſo für dieſe Güter bis auf weiteres
3037 5350 3883 5396 nur gewährt unter der Bedingung der
3042 5395 3884 5445 Frachtzahlung für das Ladegewicht der
3038 5442 3888 5490 geſtellten Wagen; bei Ausnutzung des
3036 5488 3880 5536 Ladegewichts wird kein Frachtnachlaß mehr
3038 5533 3208 5580 gewährt.
3084 5578 3765 5623 Berlin, den 27. Dezember 1917.
3100 5624 3825 5669 Königliche Eiſenbahndirektion.
3040 5692 3196 5737 [54408]
3041 5738 3880 5786 Staats⸗ und Privatbahngüterverkehr.
3083 5783 3883 5829 Beſonderes Tarifheft, enthaltend den
3041 5827 3880 5878 Ausnahmetarif 7 h für Eiſenerz, Mangan⸗
3039 5874 3876 5924 erz (Braunſtein), Schwefelkies⸗, Kupfererz⸗
3038 5920 3879 5970 und Kupferliesabbrände (purple ore), Ab⸗
3038 5964 3878 6018 brände, eiſenhaltige, von Arſenerzen, Eiſen⸗
3036 6010 3876 6064 ſchlacken (Puddel⸗ und Herdfriſchſchlacken),
3036 6056 3876 6107 Luppen⸗, Schweißofen⸗, Hammer⸗ und
3037 6103 3875 6154 Walzenſchlacken, auch Hammerſchlag, eiſen⸗
3032 6150 3875 6203 haltige Konverterſchlacken und Abfälle,
3033 6194 3874 6249 eiſenhaltige, der chemiſchen Induſtrie,
3030 6240 3876 6295 ſämtlich zur Eiſen⸗ und Stahlerzeugung
3032 6287 3875 6338 in Oberſchleſien, von beſtimmten See⸗
3032 6333 3874 6384 hafen⸗ und Oderumſchlagsſtationen nach
3028 6379 3874 6431 den im Tarife genannten oberſchleſiſchen
3029 6424 3875 6476 Stationen (Nr. 29 Tfv.). Die mit dem
3029 6471 3872 6521 31. Dezember 1917 erlöſchende Geltungs⸗
3029 6517 3872 6566 dauer der Frachtſätze des vorbezeichneten
3027 6562 3873 6612 Ausnahmetarifs von den Seehafenſtationen
3957 413 4809 468 Stolzenhagen⸗Kratzwieck, Gotzlow, Roſtock⸗
3953 463 4803 511 Haſen und Wismar wird für ſolche Eiſen⸗
3953 509 4806 557 erze, die bis zum 31. Dezember 1917 dort ein⸗
3951 554 4807 604 gelagert und erſt ſpäter mit der Eiſen⸗
3950 601 4805 648 bahn abbefördert werden, bis auf weiteres,
3950 645 4808 692 längſtens bis zum 31. Mai 1918, ver⸗
3948 690 4100 737 längert.
3986 735 4738 784 Kattowitz, den 26. Dezember 1917.
4016 782 4731 830 Königliche Eiſenbahndirektion.
3946 849 4112 896 [54409]
3950 895 4801 945 Staats⸗ und Privatbahngüterverkehr.
3999 941 4809 988 Deutſcher Eiſenbahngütertarif Teil II,
3946 986 4805 1033 Heft C, Teilheft C 2: Ausnahmetarif
3947 1032 4805 1080 S. 17 für Eiſenerze (Eiſenſchwamm fällt
3951 1077 4810 1126 nicht hierunter), Schlacken zum Hochofen⸗
3941 1121 4802 1170 betriebe folgende: Puddel⸗ und Herd⸗
3945 1167 4804 1216 friſchſchlacken, Luppen⸗, Schweißofen⸗,
3944 1213 4802 1262 Hammer⸗ und eiſenhaltige Konvertſchlacken,
3947 1258 4802 1308 Eiſenſaue (Hochofenſaue), Eiſen⸗ und
3947 1303 4800 1353 Stahlhammerſchlog und Walzenſinter, ſämt⸗
3947 1349 4808 1395 lich überſeeiſcher Herkunft. Die mit dem
3943 1395 4800 1443 31. Dezember 1917 erlöſchende Geltungs⸗
3943 1441 4802 1490 dauer der Frachtſätze des vorbezeichneten
3949 1486 4801 1533 Ausnahmetarifs von den Seehafenſtationen
3946 1531 4801 1583 Stolzenhagen⸗Kratzwick, Gotzlow, Roſtock⸗
3946 1575 4800 1625 Hafen und Wismar nach Oderberg wird
3946 1624 4802 1672 für ſolche Eiſenerze, die bis zum 31. De⸗
3946 1671 4803 1717 zember 1917 in den vorbezeichneten See⸗
3944 1715 4799 1763 hafenſtationen eingelagert und erſt ſpäter
3941 1756 4806 1808 mit der Eiſenbahn abbefördert werden, bis
3941 1806 4801 1856 auf weiteres, längſtens bis zum 31. Mai
3943 1850 4280 1898 1918, verlängert.
3988 1897 4712 1943 Kattowitz, den 26. Dezember 1917.
4011 1942 4727 1992 Königliche Eiſenbahndirektion.
3940 2009 4094 2058 [54407]
3981 2058 4796 2108 Tfv. 1103. Oberſchleſiſch⸗Sächſi⸗
3941 2103 4797 2154 ſcher Kohlenverkehr. Mit Gültigkeit
3939 2149 4794 2198 vom 10. März 1918 werden im Verkehr
3937 2194 4794 2245 mit Reichenberg Sächſ. Stb. und Reichen⸗
3940 2241 4787 2291 berg K. K. St. B. die nach der Kilo⸗
3938 2287 4797 2340 metertariftafel ſich ergebenden Frachtſätze
3939 2334 4574 2382 um 1,2 ₰ für 100 kg erhöht.
3984 2379 4723 2427 Kattowitz, den 28. Dezember 1917.
3958 2423 4768 2477 Kgl. Eiſenbahndirektion Kattowitz,
3982 2473 4742 2524 namens der beteiligten Verwaltungen.
3936 2540 4086 2587 [54202]
3953 2584 4766 2638 Weſtſäliſche Landes⸗Eiſenbahn.
3937 2631 4790 2683 Gütertarif für den Binnenverkehr.
3981 2678 4789 2725 Mit Gültigkeit vom 1. März 1918 iſt
3937 2723 4790 2773 im Abſchnitt C, beſondere Beſtimmungen
3934 2770 4793 2820 zum Nebengebührentarif, die Ziffer 2
3936 2815 4788 2866 (auf Seite 10) betr. Erhebung eines er⸗
3934 2861 4622 2910 mäßig en Wägegeldes zu ſtreichen.
3979 2908 4714 2955 Lippſtadt, den 28. Dezember 1917.
4183 2955 4522 3007 Die Direktion.
3931 3033 4088 3079 [54204]
3979 3077 4787 3130 Süddeutſch⸗Ungariſcher Verkehr.
3933 3125 4791 3177 Eiſenbahngütertarif Teil II, Heft 2 vom
3933 3172 4788 3224 1. Juni 1913. Aufhebung von Fracht⸗
3929 3217 4790 3269 ſätzen. Mit Ablauf des 28. Februar
3932 3265 4790 3312 1918 treten die Serientariſe IV und
3931 3310 4788 3362 XIII ſowie der Ausnahmetarif 1 (Fracht⸗
3930 3355 4787 3411 güter aller Art in Wagenladungen) ohne
3932 3400 4319 3449 E ſatz außer Kraft.
3969 3448 4794 3497 T⸗A. München, 33 T 57/5, vom
3931 3493 4331 3539 24. Dezember 1917.
3926 3559 4082 3610 [54203]
3970 3605 4790 3656 Niederländiſch⸗Bayeriſcher Güter⸗
3930 3654 4792 3703 tarif vom 1. Januar 1903. Mit
3931 3699 4791 3748 Gültigkeit vom 1. März 1918 wird der
3930 3744 4784 3802 Ausnahmetarif Nr. 7 für Lithographi ſteine
3929 3791 4155 3838 aufgehoben.
3973 3837 4719 3886 München, den 27. Dezember 1917.
3930 3882 4788 3935 Tarifamt der R. Bayer. St.⸗C.-B.
4239 3934 4459 3978 r. d. Rh.
3926 3994 4080 4046 [54205]
3936 4041 4786 4098 Süddeutſch⸗Oeſterreichiſcher Verkehr.
3927 4089 4783 4143 Eiſenbahngüter arif Teil II, Hefte 1 — 13,
3929 4137 4786 4187 16, 18, 19 und 20. Aufhebung von Serien⸗
4133 4185 4574 4229 und Ausnahmetarifen.
3970 4227 4784 4281 Mit Ablauf des 28. Februar 1918
3926 4275 4783 4326 werden die Frachtſätze in Markwährung
3922 4320 4782 4372 der nachſtehenden Serien⸗ und Ausnahme⸗
3927 4365 4286 4414 tarife aufgehoben:
3971 4414 4782 4464 Serientarife: II B, C, D und E IV,
3926 4461 4783 4510 V, XIII, XVII und XXI, in den Heften
3927 4505 4060 4551 1 — 13;
4176 4551 4518 4598 Güter aller Art:
3968 4596 4781 4648 Ausnahmetarife: Nr. 1, 5 und 10 t,
3922 4643 4785 4694 in den Heften 1 — 13; Nr. 6 (Heu und
3928 4688 4784 4740 Stroh), 5 und 10 t, in den Heften 1 — 5
3926 4737 4781 4786 und 7; Nr. 13 A (Obſt, friſch s in
3921 4780 4780 4833 Säcken), 5 t, im Heft 16, 1. Abſchnitt;
3926 4827 4784 4876 Nr. 14 (Reis, geſchält) im Heft 7; Nr. 29
3922 4873 4779 4924 (Ko kſteine) in den Heften 3 und 5;
3924 4921 4780 4971 Nr. 30 M (Gewehſchäfte) im Heft 18;
3920 4965 4782 5017 Nr. 32 (Holzmehl) im Heft 2; Nr. 44
3919 5011 4780 5061 (Gänſ leber, friſche, bezw. Wildbret, totes,
3922 5057 4783 5106 mit Schn.⸗Zügen, in den Heften 2 — 5, 9
3920 5104 4777 5155 u. 11; Nr. 45 (Fiſche lebende, in Waſſer)
3919 5148 4780 5198 im Heft 1; Nr. 45 (Fiſche, friſche, als
3918 5193 4776 5245 Eilgut) in den Heften 2, 4 und 5; Nr. 54
3919 5239 4782 5288 (Leder), 5 u. 10 t, im Heft 9; Nr. 58
3916 5283 4777 5334 (Muſchelſchalen), 10 t, im Heft 7; Nr. 62
3915 5329 4778 5380 (Mörtel) in den Heften 1 u 7; Nr. 72
3917 5374 4778 5429 (Dach⸗, Mauerziegel) im Heft 6; Nr 73 A
3921 5421 4774 5472 (Farbwaren), 5 u. 10 t, in den Heften 8,
3918 5466 4772 5520 9, 10, 11; Nr. 95 A II (Eiſenlegierungen)
3915 5512 4780 5564 im Heft 19; Nr. 114 (Porzellan), 5 und
3921 5558 4772 5611 10 t, im Heft 1; Nr. 114 A u. B Por⸗
3919 5603 4775 5654 zellan), 5 und 10 t, (für Karlsbad Z und
3917 5648 4771 5700 Merkelsgrün) im Heft 7; Nr. 121 (Streich⸗
3916 5695 4773 5745 hölzer) im Heft 9; Nr. 131 A (Säcke als
3916 5739 4772 5792 Eilgut) im Heft 7; Nr. 131 A (Säcke,
3918 5787 4773 5839 leere), 5 t, im Heft 11; der Ausnahme⸗
3915 5832 4641 5884 tarif für lebende Tiere im Heft 20.
3956 5878 4700 5928 München, den 27. Dezember 1917.
3912 5920 4769 5980 Tarifamt der K. Bayer. St.⸗C.-W.
3917 5973 4770 6020 v. b. Rh. namens der Verbands⸗
4204 6023 4478 6069 verwaltungen.
4029 6157 4648 6207 Verantwortlicher Schriftleiter:
3908 6212 4763 6272 Direktor Dr. Tyrol in Charlottenburg.
3962 6265 4715 6323 Verantwortlich für den Anzeigenteil:
3991 6314 4688 6366 Der Vorſteher der Geſchäftsſtelle,
3939 6358 4748 6415 Rechnungsrat Mengering in Berlin.
3909 6414 4768 6472 Verlag der Geſchäftsſtelle (Mengering)
4210 6463 4462 6511 in Berlin.
3908 6522 4766 6567 Druck der Norddeutſchen Buchdruckerei uno
3908 6565 4764 6619 Verlagsanſtalt, Berlin, Wilhelmſtraße 3a.
6751 365 7731 608 Poſtblatt
5306 599 9178 776 zum Deutſchen Reichsanzeiger und Königlich Preußiſchen Staatsanzeiger.
5181 792 9309 907 Nachrichten von allgemeinerem Intereſſe für den Verkehr mit der Poſt und Telegraphie nebſt Porto⸗ und Telegrammgebührentarif.
5068 905 5381 1005 Nr. 1.
6713 937 7785 1026 Berlin, Mittwoch, den 2. Januar
9096 939 9407 1022 1918.
5155 1065 9310 1154 Das Poſtblatt erſcheint vierteljährlich, in der Regel am erſten Tage des Vierteljahrs, und kann durch Vermittlung der Reichspoſtanſtalten gegen Vorausbezahlung
5989 1143 8494 1221 von 40 Pf. jährlich, ſowie zum Preiſe von 10 Pf. für die einzelne Nummer bezogen werden.
6972 1307 7530 1382 Vorbemerkungen.
6808 1387 7693 1442 (Neuerungen ſind in Schrägschrift gedruckt.)
5198 1447 7212 1502 1) In Riga ist eine Reichspostanstalt eingerichtet worden, die den privaten Brief-, Post-
5060 1493 7211 1551 anweisungs- und Telegrammverkehr zwischen Deutschland und dem Gouvernementsbezirk Riga
5062 1539 6152 1586 (Etappengebiet des Oberbefehlshabers Ost) vermittelt.
5191 1584 7211 1637 2) Bei Einzahlungen auf Postanweisungen nach Luxemburg brauchen Inhalt und Zweck des
5060 1628 7212 1688 Geschäfts, für das die Zahlung dient, nicht mehr angegeben und durch Nachweise belegt
5059 1677 5282 1717 zu werden.
5200 1722 7214 1778 3) Zugelassen sind telegraphische Postanweisungen im Verkehr mit dem Gebiet des General-
5057 1768 5588 1814 gouvernements Warschau.
5199 1813 7218 1867 4) Zahlkarten zur unentgeltlichen Abgabe werden bei allen Schaltern, an denen Postwertzeichen
7276 1463 9407 1514 und amtliche Vordrucke erhältlich sind und an denen Zahlkarten eingeliefert werden können, sowie
7274 1508 8475 1558 bei den Verkaufständen für Postwertzeichen bereitgehalten.
7413 1555 9407 1606 5) Es ist für die Unterbringung der als unbestellbar nach dem Aufgabeorte zurückgelangenden
7280 1599 9413 1651 Pakete erwünscht, daß die Absender von Paketen allgemein auf diesen Sendungen ihren Namen und
7285 1645 7987 1693 Wohnort nebst Wohnung angeben.
7414 1691 9408 1743 6) Im Verkehr mit Österreich, Ungarn und Bosnien-Herzegowina gelten als sperrige Pakete
7279 1737 9410 1787 auch solche, deren Gesamtabmessungen (Länge, Breite und Höhe) 1,5 m überschreiten und die dabei
7278 1783 7847 1829 nicht mehr als 5 kg wiegen.
7417 1829 9026 1880 7) Der Paketverkehr nach der Türkei ist bis auf weiteres eingestellt worden.
6875 1940 7605 2033 A. Briefſendungen.
5148 2043 6479 2096 Verſendungsbedingungen für den Verkehr des
5059 2088 5884 2139 Weltpoſtvereins (Vereinsverkehr):
5148 2135 6481 2188 1) Briefſendungen müſſen zurzeit offen zur Poſt eingeliefert
5055 2179 6471 2233 werden und ſind mit nachſtehenden Ausnahmen nur in deutſcher,
5049 2225 6471 2279 däniſcher, engliſcher, franzöſiſcher, holländiſcher, italieniſcher,
5060 2273 6471 2325 ungariſcher, norwegiſcher, polniſcher, portugieſiſcher,
5049 2319 6471 2371 ſchwediſcher oder ſpaniſcher Sprache zuläſſig. Nach dem beſetzten
5054 2363 6472 2416 Teil von Belgien iſt nur die deutſche, ungariſche, flämiſche
5053 2408 6475 2461 und franzöſiſche, nach dem beſetzten Teil von Rumänien nur die
5050 2456 6469 2507 deutſche, bulgariſche, ungariſche, franzöſiſche oder türkiſche,
5051 2501 6472 2555 nach dem beſetzten Teil von Rußland nur die deutſche
5057 2546 6473 2600 Sprache zugelaſſen, jedoch können Briefſendnngen nach den General⸗
5054 2592 6471 2646 gouvernements Warſchau und Lublin auch in ungariſcher Sprache
5054 2638 6470 2690 und Poſtkarten nach den Generalgouvernements Warſchau und Lublin
5049 2683 6471 2735 auch in polniſcher Sprache abgefaßt werden. Nach Oeſterreich und
5054 2729 6473 2784 Ungarn ſind offene Briefſendungen auch in ungariſcher, nach Bulgarien
5053 2775 6468 2831 in bulgariſcher, nach der Türkei auch in türkiſcher Sprache zugelaſſen.
5052 2821 6469 2872 Bei Briefſendungen nach der Türkei iſt die ſpaniſche Sprache aus⸗
5052 2866 6469 2922 geſchloſſen. Briefſendungen nach den Generalgouvernements Belgrad
5052 2913 6469 2965 (Serbien) und Cettinje (Montenegro) müſſen in deutſcher oder
5053 2958 6468 3012 ungariſcher Sprache abgefaßt ſein. Briefe, bei denen die Verſchluß⸗
5051 3005 6473 3058 klappe des Briefumſchlags nach innen eingeſchlagen und auf den
5049 3050 6471 3104 Briefinhalt feſtgeklebt iſt, ſind unzuläſſig. Derartige Briefe werden
5055 3094 5668 3145 an die Abſender zurückgegeben.
5144 3142 6466 3201 Zur Durchführung der Ueberwachung des Nachrichtenverkehrs
5051 3187 6464 3245 iſt es erforderlich, daß Privatbriefe nach dem Auslande, gleich⸗
5051 3234 6466 3290 viel ob die Briefe in deutſcher oder in einer zugelaſſenen
5053 3275 6463 3336 fremden Sprache abgefaßt ſind, nicht über zwei Bogenſeiten ge⸗
5051 3325 6465 3382 wöhnlicher. Briefgröße (Viertelbogen) lang ſind. Die Briefe
5052 3371 6471 3432 dürfen keine Anlagen enthalten, in denen ſich Nachrichten be⸗
5051 3418 6468 3472 finden, ſie müſſen ferner in deutlicher, ohne weiteres gut lesbarer
5060 3463 6464 3517 Schrift mit nicht zu engem Zeilenabſtande geſchrieben ſein, auch dürfen
5055 3509 6464 3566 keine Schriftzeilen über Schriftzeilen einer anderen Richtung quer hinweg⸗
5051 3556 6463 3610 laufen. Bei Geſchäftsbriefen kann, wenn ſie im übrigen den vorſtehenden
5051 3599 6463 3656 Bedingungen entſprechen, der Inhalt den Raum von zwei Bogenſeiten
5046 3645 6460 3702 überſchreiten; auch dürfen Rechnungen, Preisverzeichniſſe und dergleichen
5047 3690 6462 3747 geſchäftliche Anlagen beigefügt ſein. Zur Verpackung der Briefe
5047 3735 6462 3790 nach dem Auslande dürfen nur Umſchläge verwandt werden, die aus einer
5049 3778 6466 3839 einfachen Papier⸗ oder Stofflage, alſo ohne Futtereinlage aus Seiden⸗
5047 3827 6461 3884 papier oder anderen Stoffen, hergeſtellt ſind. Bei Briefen, die den
5048 3872 6463 3927 angegebenen Anforderungen nicht entſprechen, müſſen die Abſender damit
5047 3920 6474 3979 rechnen, daß ſie infolge der Erſchwerung des Prüfungsgeſchäfts mit
5047 3966 6209 4021 mehrwöchiger Verſpätung am Beſtimmungsort eintreffen.
6637 2047 7942 2105 Die zur Ueberwachung des Nachrichtenverkehrs erforderlichen Be⸗
6543 2096 7942 2154 ſchränkungen gelten nicht im Verkehr mit dem beſetzten Gebiet von Belgien,
6543 2144 7943 2199 dem Generalgouvernement Warſchau und dem zum öſterreichiſchen Ver⸗
6542 2186 7948 2244 waltungsgebiet gehörigen Generalgouvernement Lublin. Dagegen be⸗
6541 2234 7941 2290 ſtehen ähnliche Beſchränkungen im Verkehr mit dem Poſtgebiet des Ober⸗
6542 2279 7942 2341 befehlshabers Oſt, über deren Einzelheiten die Poſtanſtalten Auskunft geben.
6635 2338 7943 2394 Briefſendungen nach dem Ausland, in denen Waren enthalten
6542 2383 7949 2440 ſind (insbeſondere alſo auch alle Warenproben), müſſen auf der
6541 2429 7942 2485 Aufſchriftſeite die genaue Angabe ihres Inhalts und die Anſchrift des
6542 2475 7947 2530 Abſenders tragen. Alle Waren, deren Ausfuhr verboten iſt, dürfen
6542 2522 7943 2573 grundſätzlich auch durch die Briefpoſt (insbeſondere auch als Waren⸗
6542 2568 7944 2619 proben) nur mit beſonderer Ausfuhrbewilligung nach dem Auslande
6541 2614 7940 2668 verſandt werden. Ohne Ausfuhrbewilligung ſind zur Ausfuhr ledig⸗
6539 2658 7947 2712 lich Muſterkarten und Muſter in Abſchnitten oder Proben, die nur
6541 2705 7943 2762 zum Gebrauch als ſolche geeignet ſind, außer Stoffproben von Farben
6540 2751 7950 2804 zugelaſſen. Zu den Proben, die nur zum Gebrauch als ſolche
6540 2797 7945 2850 geeignet ſind, gehören nicht Proben von Lebensmitteln und Tabak⸗
6539 2843 6781 2891 erzeugniſſen.
6630 2896 7942 2954 2) Verboten, mit der Poſt zu verſenden: Gegenſtände, die für
6540 2945 7943 3002 die Poſtbeamten Gefahren mit ſich bringen oder welche die Brief⸗
6538 2991 7940 3046 ſendungen beſchmutzen oder verderben können, lebende
6538 3038 7946 3092 oder tote Tiere und Inſekten. Ueber bedingte Zulaſſung von
6539 3083 7938 3139 Warenproben mit Glasſachen, Flüſſigkeiten, Oelen, fetten Stoffen,
6538 3128 7942 3182 trockenen abfärbenden und nicht abfärbenden Pulvern und lebenden
6536 3174 7368 3227 Bienen geben die Poſtanſtalten Auskunft.
6627 3234 7939 3287 Auf⸗ oder Einklebungen irgendwelcher Art dürfen auf
6534 3278 7935 3335 Umſchlägen uſw. zu Briefen, Druckſachen, Geſchäftspapieren und
6536 3325 7940 3376 Warenproben ſowie auf Poſtkarten nach dem nichtfeindlichen Aus⸗
6534 3372 7935 3425 land (einſchl. der mit Deutſchland verbündeten Länder) und nach
6533 3417 7938 3471 den beſetzten feindlichen Gebieten bis auf weiteres nicht angebracht
6531 3463 7946 3518 werden. Das Verbot gilt auch für Zettel mit der Aufſchrift der
6531 3509 6775 3557 Sendungen.
6628 3567 7947 3616 Nach dem Auslande gerichtete Poſtkarten mit Abbildungen
6534 3611 7942 3662 von Städten, Stadtteilen, geographiſch genau beſtimmbaren Ort⸗
6532 3657 7943 3710 ſchaften und Landſchaften, beſonders hervorragenden Baulichkeiten und
6535 3703 7944 3756 Denkmälern Deutſchlands, Oeſterreichs und Ungarns, der Türkei, Bul⸗
6531 3749 7941 3802 gariens und der von deutſchen, öſterreichiſchen, ungariſchen, türkiſchen und
6526 3795 7942 3847 bulgariſchen Heeren beſetzten feindlichen Gebiete ſind bis auf weiteres
6530 3841 7946 3893 von der Poſtbeförderung ausgeſchloſſen. Nicht unter das Verbot fallen:
6534 3886 7947 3942 Poſtkarten nach Oeſterreich und Ungarn, der Türkei, Bulgarien ſowie
6529 3933 7944 3989 den beſetzten feindlichen Gebieten mit Abbildungen von Städten uſw.
6533 3979 7364 4036 des Beſtimmungslandes der Poſtkarte.
8098 2050 9412 2108 Nach dem nichtfeindlichen Ausland (einſchl. der mit Deutſchland
8010 2108 9415 2156 verbündeten Länder) und nach den beſetzten feindlichen Gebieten ſind
8010 2152 9414 2203 bis auf weiteres nur Poſtkarten zugelaſſen, die aus einem Stück
8014 2199 8419 2247 Steifpapier beſtehen.
8104 2268 9413 2316 Ferner iſt verboten, in gewöhnliche oder eingeſchriebene Briefpoſt⸗
8013 2313 9416 2362 ſendungen einzulegen: a. Münzen (im Verkehr mit Oeſterreich
8014 2360 9417 2405 nebſt Liechtenſtein und Bosnien⸗Herzegowina können Münzen in die
8012 2405 9405 2455 Briefſendungen eingelegt werden); b. zollpflichtige Gegenſtände;
8011 2448 9418 2501 c. Gegenſtände, deren Einfuhr oder Umlauf im Beſtimmungslande
8004 2497 9408 2544 verboten iſt; d. Gold⸗ oder Silberſachen, Edelſteine,
8012 2543 9406 2590 Schmuckſachen und andere koſtbare Gegenſtände,
8010 2586 9416 2639 wenn das Einlegen oder die Beförderung durch Geſetzgebung der
8008 2634 9412 2684 betr. Länder verboten iſt. Abſender hat ſich unter eigener Verantwort⸗
8007 2680 9415 2727 lichkeit zu unterrichten, ob die zu verſendenden Gegenſtände mit der
8011 2725 9119 2775 Briefpoſt in die betr. Länder eingeführt werden dürfen.
8103 2793 9408 2842 3) Poſtkarten. Einfache Poſtkarten und Poſtkarten mit Ant⸗
8010 2843 9414 2890 wort zuläſſig, Höchſtmaß 14:9 cm, Mindeſtmaß 10:7 cm. Wegen
8010 2886 9412 2937 der Poſtkarten nach dem nicht feindlichen Auslande uſw. und der Poſt⸗
8009 2932 8775 2980 karten mit Abbildungen ſiehe unter 2.
8100 3000 9408 3048 4) Druckſachen, Geſchäftspapieren und Warenproben darf
8009 3046 9408 3100 weder ein Brief, noch eine Mitteilung beigefügt werden, die die Eigen⸗
8010 3092 9412 3140 ſchaft eigentlicher und perſönlicher Korreſpondenz hat. Verpackung
8008 3137 9404 3186 muß ſo beſchaffen ſein, daß der Inhalt leicht geprüft werden kann.
8005 3179 9410 3232 Warenproben dürfen keinen Handelswert haben. Auf ihrer Aufſchrift⸗
7996 3221 9415 3277 ſeite müſſen ſie die genaue Angabe des Inhalts und die Anſchrift des
7997 3268 9406 3324 Abſenders tragen. Sonſt ſind nur noch die folgenden handſchriftlichen
8001 3319 9413 3371 Vermerke zugelaſſen: Anſchrift des Empfängers, Fabrik⸗ oder Handels⸗
8005 3367 9411 3417 zeichen, Nummern, Preiſe und Angaben bezüglich des Gewichts, des Maßes,
8006 3412 9410 3462 der Ausdehnung, der verfügbaren Menge, der Herkunft und der Natur
8006 3458 9407 3506 der Ware. Druckſachen und Geſchäftspapiere, die an einer der Seiten
8009 3503 9406 3551 eine Ausdehnung von mehr als 45 cm haben, werden nicht befördert.
8009 3550 9411 3598 Druckſachen in Rollenform, deren Durchmeſſer 10 cm und deren
8002 3594 9408 3642 Länge 75 cm nicht überſteigt, ſind zuläſſig. Warenproben dürfen
8004 3640 9408 3688 30 cm Länge, 20 cm Breite und 10 cm Höhe, in Rollenform
8007 3686 9162 3735 30 cm Länge und 15 cm Durchmeſſer nicht überſchreiten.
8094 3754 9408 3804 5) Einſchreibſendungen. Briefſendungen aller Art (Briefe,
8005 3800 9416 3851 Poſtkarten, Druckſachen, Geſchäftspapiere, Warenproben) können unter
8007 3845 9412 3894 Einſchreibung abgeſandt werden. Bei allen Einſchreibſendungen kann
8006 3888 9410 3944 Abſender Beſcheinigung über Zuſtellung der Sendung an den Empfänger
8000 3938 9411 3987 — Rückſchein — verlangen. Für Einſchreibſendungen beſteht Frei⸗
8006 3984 8447 4033 machungszwang.
6132 4107 8336 4215 Tarif für gewöhnliche und eingeſchriebene Briefſendungen.*)
5141 5477 6460 5516 *) Zurzeit find im Verkehr mit dem Auslande nur offene gewöhnliche
5043 5508 6461 5551 und eingeſchriebene Briefſendungen zugelaſſen nach Bosnien⸗Herzegowina,
5044 5541 6457 5583 Bulgarien, Dänemark (mit Faröer, Grönland und Island), Luxemburg, den Nieder⸗
5046 5576 6463 5618 landen, Norwegen, Oeſterreich nebſt Liechtenſtein, Perſien, Schweden, der Schweiz,
5045 5608 6464 5654 Spanien (nur ſogenannte Familienſendungen, worüber die Poſtanſtalten Auskunft
5044 5647 6460 5688 erteilen), der Türkei und Ungarn. Der Poſtverkehr mit einzelnen Gebieten von
5048 5679 6460 5721 Oeſterreich und Ungarn unterliegt Beſchränkungen, die bei den Poſtanſtalten
5046 5719 6462 5755 zu erfragen ſind. Wegen der Briefſendungen mit Nachnahme ſiehe Tarif auf der
5043 5749 5279 5786 nächſten Seite.
5136 5787 6455 5835 Im Verkehr mit Belgien ſind allgemein nur offene gewöhnliche und
5044 5831 6460 5873 eingeſchriebene Briefſendungen zuläſſig. Gebühren wie nach dem Auslande.
5046 5861 6454 5903 Die zum Briefverkehr zugelaſſenen Orte und gewiſſe Beſchränkungen für das belgiſche
5045 5897 5914 5943 Etappengebiet find bei den Poſtanſtalten zu erfragen.
5133 5943 6457 5981 Im Verkehr mit dem Generalgouvernement Warſchan und dem Poſt⸗
5043 5975 6461 6019 gebiet des Oberbefehlshabers Oſt (einſchl. Gouvernement Riga) und im Verkehr
5041 6013 6464 6055 mit dem zum öſterreichiſchen Verwaltungsgebiet gehörigen Generalgouvernement
5041 6043 6456 6088 Lublin ſind offene gewöhnliche und eingeſchriebene Briefſendungen zuläſſig.
5044 6078 6457 6124 Gebühren nach dem Generalgouvernement Warſchau und dem Poſtgebiet des Oberbefehls⸗
5040 6113 6460 6157 habers Oſt wie im inneren deutſchen Verkehr, nach dem Generalgouvernement Lublin wie
5033 6148 6457 6191 im deutſch⸗öſterreichiſchen Verkehr. Nach einer Anzahl bei den Poſtanſtalten zu er⸗
5040 6181 6454 6224 fragenden Orten in den Gebieten der Generalgouvernements Belgrad
5042 6212 6457 6260 (Serbien) und Cettinje (Montenegro) ſind offene gewöhnliche Briefe, einfache
5042 6249 6454 6293 Poſtkarten und Warenproben zuläſſig. Gebühren wie im deutſch⸗öſterreichiſchen
5042 6282 6454 6326 Verkehr. In der Aufſchrift der Sendungen nach Orten ohne Poſtanſtalt iſt der
5042 6316 6453 6360 Poſtort anzugeben, von dem ſie abgeholt werden ſollen; außerdem iſt bei Sendungen
5046 6352 6452 6390 nach dem Generalgouvernement Warſchau noch der Name des Kreiſes. auf den
5045 6383 6453 6429 Sendungen nach dem Poſtgebiet des Oberbefehlshabers Oſt Name und Wohnung des
5040 6418 6452 6464 Abſenders und auf Sendungen nach den Ganeralgouvernements Belgrad und Cettinje
5039 6453 5651 6495 das Generalgouvernement anzugeben.
5125 6498 6453 6541 Zum Poſtverkehr nach dem Gebiet der Militärverwaltung in
5044 6530 6454 6578 Rumänien ſind nur zugelaſſen: a) offene, nicht über 4 Seiten lange Briefe und
6527 5478 7928 5513 Poſtkarten, ſowie Geſchäftspapiere bis 500 g Höchſtgewicht an Angehörige der ver⸗
6526 5513 7927 5548 bündeten Mächte; b) Poſtkarten an die übrige Bevölkerung von ihren Familien⸗
6524 5548 7924 5582 angehörigen; c) offene, nicht über 4 Seiten lange Briefe und Poſtkarten geſchäftlichen
6527 5581 7927 5615 Inhalts, wenn die Beförderung nicht den Intereſſen irgendeiner der verbündeten
6527 5615 7927 5651 Mächte zuwiderläuft. Gebühren wie nach dem Auslande. Die ſonſtigen Beſchränkungen
6528 5650 7925 5684 ſind bei den Poſtanſtalten zu erfragen. Die Sendungen nach dem Gebiet der Militär⸗
6525 5684 7923 5719 verwaltung in Rumänien müſſen in der Aufſchrift außer den Namen des Empfängers
6524 5719 7928 5753 den Beſtimmungsort, den Staat, die Provinz, den Landbezirk und die Landgemeinde
6523 5753 7921 5788 enthalten und ferner die Angabe tragen: „Ueber Poſtüberwachungsſtelle Nr. 24“. Auch
6527 5787 7370 5822 ſind Name und Wohnung des Abſenders anzugeben.
6621 5831 7924 5869 **) Die ermäßigten Taxen erſtrecken ſich nur auf Briefe. Die Nachbarorte, auf
6524 5866 7922 5903 welche der Geltungsbereich der Ortstaxe ausgedehnt worden iſt, ſind aus dem Poſt⸗
6519 5901 7394 5936 bericht im Schalterraum der Poſtanſtalten zu erſehen.
6619 5946 7923 5982 ***) Gegenüber Dänemark, den Niederlanden und der Schweiz im Grenzbezirk
6525 5979 7923 6018 (80 km) ermäßigte Taxe für Briefe, 10 Pf. für je 20 g, dazu 5 Pf. Reichsabgabe,
6524 6015 7807 6051 mit Dänemark ferner im Grenzverkehr Mindeſttaxe für Geſchäftspapiere 10 Pf.
6616 6066 7927 6102 †) Für Blindenſchriftſendungen des inneren deutſchen Verkehrs und im Verkehr
6522 6100 7924 6138 zwiſchen Deutſchland und Oeſterreich nebſt Liechtenſtein und Bosnien⸗Herzegowina
6522 6135 7920 6172 beträgt die ermäßigte Gebühr: bis 50 g 8 Pf., bis 100 g 5 Pf., bis 1 kg 10 Pf., bis
6521 6168 6981 6203 2 kg 20 Pf., bis 3 kg 30 Pf.
6613 6211 7918 6252 Zuſammenpacken von Druckſachen, Geſchäftspapieren und Warenproben (Miſch⸗
6521 6249 7919 6286 ſendungen) zuläſſig: a. im inneren deutſchen Verkehr und im Verkehr mit Luxemburg
6520 6283 7923 6320 bis 1 kg: Taxe wie für Geſchäftspapiere; b. im Verkehr mit den übrigen Ländern
6520 6316 7923 6354 bis 2 kg: Taxe 5 Pf. für je 50 g; jedoch mindeſtens 10 Pf., wenn die Sendung nur
6519 6350 7883 6388 Druckſachen und Warenproben, mindeſtens 20 Pf., wenn ſie Geſchäftspapiere enthält.
6613 6396 7919 6440 Nicht freigemachte Briefe des Orts⸗ und Nachbarortsverkehrs koſten 15 Pf.
6516 6433 7922 6473 Porto; für nicht freigemachte Briefe des übrigen inneren deutſchen Verkehrs und des
6514 6469 7919 6509 Verkehrs mit Luxemburg wird ein Portozuſchlag von 10 Pf., ohne Unterſchied des
6520 6504 7918 6544 Gewichts des Briefes, erhoben. Im ſonſtigen Verkehr unterliegen nicht freigemachte
6520 6538 7917 6582 Briefe dem doppelten Betrage des Portos; jedoch wird die außerordentliche Reichs⸗
7995 5481 9389 5518 abgabe von 5 Pf. bei nicht freigemachten Briefen des Grenzverkehrs mit Dänemark.
7994 5516 9389 5553 den Niederlanden und der Schweiz nur zum einfachen Satze erhoben. Für nicht
7992 5549 9388 5584 freigemachte Poſtkarten wird ſtets der doppelte Betrag des Portos erhoben.
7990 5583 9390 5628 Nicht freigemachte Druckſachen, Geſchäftspapiere und Warenproben werden
7983 5618 8245 5653 nicht abgeſandt.
8078 5658 9394 5702 Einſchreibgebühr allgemein 20 Pf., Rückſcheingebühr allgemein 20 Pf.
7994 5692 8853 5731 (Rückſcheine nach dem Vereinsausland nicht zuläſſig).
8087 5737 8549 5777 Eilbeſtellung zugelaſſen:
8086 5779 9385 5820 1) nach dem Orts⸗ und Landbeſtellbezirk des Aufgabe⸗Poſtorts bei gewöhnlichen
7993 5813 9394 5854 Briefſendungen [Gebühr nach dem Ortsbeſtellbezirk 25 Pf., nach dem Landbeſtellbezirk
7993 5847 9386 5886 die wirklichen Botenkoſten, mindeſtens 25 Pf.]; im Rohrpoſtbeſtellbezirk Berlin werden
7992 5882 9387 5924 eilige Briefſendungen, ſoweit ſie hierzu geeignet find, mittels Rohrpoſt befördert.
7993 5915 9127 5958 Gebühr für einen Rohrpoſtbrief 35 Pf., für eine Rohrpoſtkarte 30 Pf.,
8081 5951 9389 5990 2) nach anderen Orten in Deutſchland bei gewöhnlichen und ein⸗
7992 5984 9385 6027 geſchriebenen Briefſendungen [Gebühr nach Poſtorten 25 Pf., nach Orten ohne Poſt⸗
7993 6019 8623 6055 anſtalten bei Vorausbezahlung 60 Pf.],
8080 6053 9384 6094 3) nach Luxemburg, Oeſterreich mit Liechtenſtein und Ungarn
7992 6087 9386 6128 allgemein [Gebühr 25 Pf. — nach Ungarn 50 Pf. — muß vorausbezahlt werden; für
7992 6121 9384 6164 Sendungen nach dem Landbeſtellbezirke wird Ergänzungsgebühr eingezogen], nach
7991 6156 9384 6197 Bosnien⸗Herzegowina nur nach Poſtorten [Gebühr 25 Pf. ſtets vorauszuzahlen].
8082 6190 9392 6233 4) nach Belgien (nur nach den zum Briefverkehr zugelaſſenen Orten), Dänemark
7990 6224 9392 6268 mit Grönland, Faröer, Island (nur nach Poſtorten), Niederlande, Norwegen (nur
7990 6259 9385 6299 nach beſtimmten Orten), Schweden (nach allen Poſtorten mit Beſtelldienſt) und der
7991 6293 9385 6337 Schweiz. [Gebühr 25 Pf. ſtets vorauszuzahlen; nach Orten ohne Poſtanſtalt (ſoweit
7989 6327 9386 6372 zuläſſig) werden die üblichen Eilbeſtellgebühren, unter Anrechnung der vorausgezahlten
7989 6361 8527 6398 25 Pf., vom Empfänger erhoben.]
8080 6404 9384 6449 Antwortſcheine. Im Verkehr mit einer Anzahl von fremden Ländern kann
7988 6439 9387 6485 der Abſender eines Briefes das Porto für die Antwort durch Ueberſendung eines
7986 6475 9385 6516 Antwortſcheines an den Empfänger im voraus bezahlen. Zu dieſem Zwecke werden
7987 6508 9385 6556 internationale Antwortſcheine zum Preiſe von 45 Pf. für das Stück bei beſtimmten
7988 6543 8688 6585 Poſtanſtalten zum Verkaufe bereit gehalten.
5303 4354 5642 4413 Gegenſtand
5044 4552 5248 4718 Briefe
5044 4759 5423 4820 Poſtkarten
5053 4939 5456 4991 Druckſachen †)
5051 5135 5589 5189 Geſchäftspapiere
5047 5321 5471 5375 Warenproben
6245 4322 6475 4378 Inland
6118 4462 6375 4511 Gewichtſtufe
6100 4553 6329 4601 bis 20 g
6062 4596 6403 4647 über 20 — 250 g
5942 4645 6520 4695 im Orts⸗ und Nachbarorts⸗
6014 4691 6441 4738 verkehr**) bis 250 g
6155 4752 6308 4799 einfache
6092 4797 6369 4838 mit Antwort
6137 4855 6333 4904 bis 50 g
6046 4900 6410 4950 über 50 — 100 g
6077 4948 6411 4999 „ 100 — 250 g
6083 4995 6409 5045 „ 250 — 500 g
6002 5038 6460 5089 über 500 g bis 1 kg
6124 5098 6350 5142 bis 250 g
6040 5142 6418 5190 über 250 — 500 g
5992 5188 6463 5235 über 500 g bis 1 kg
6113 5298 6349 5349 bis 250 g
6041 5348 6418 5404 über 250 — 500 g
6601 4435 6731 4492 Porto
6627 4487 6708 4533 Pf.
6640 4558 6694 4599 15
6638 4604 6696 4645 25
6664 4695 6740 4739 7 ½
6665 4753 6735 4799 7 ½
6634 4797 6694 4842 15
6655 4854 6699 4897 3
6654 4897 6697 4942 5
6629 4945 6700 4991 10
6623 4990 6697 5034 20
6622 5035 6701 5081 30
6632 5094 6691 5141 10
6638 5145 6687 5182 20
6640 5191 6686 5228 30
6629 5301 6694 5346 10
6626 5347 6696 5394 20
6810 4303 7629 4354 Oeſterreich nebſt Liechtenſtein, Ungarn
6899 4361 7527 4412 und Bosnien⸗Herzegowina
6955 4450 7241 4522 Gewichtſtufe
7006 4576 7185 4626 bis 20 g
6875 4626 7351 4675 für jede weiteren 20 g
6901 4672 7294 4735 (ohne Meiſtgewicht)
7015 4751 7168 4803 einfache
6958 4799 7226 4843 mit Antwort
7003 4880 7181 4928 bis 50 g
6908 4925 7278 4974 über 50 bis 100 g
6859 4971 7328 5021 für jede weiteren 100 g
6897 5018 7294 5067 (Meiſtgewicht 2 kg)
6975 5117 7212 5169 für je 50 g
6888 5167 7304 5230 (Meiſtgewicht 2 kg)
6984 5260 7217 5307 für je 50 g
6800 5301 7386 5354 (Meiſtgewicht nach Oeſterreich
6831 5352 7352 5399 und Bosnien⸗Herzegowina
6825 5398 7358 5443 500 g, nach Ungarn 350 g)
7469 4444 7585 4491 Porto
7491 4493 7564 4539 Pf.
7500 4584 7557 4625 15
7523 4630 7552 4669 5
7517 4752 7608 4809 7 ½
7494 4797 7564 4844 15
7516 4880 7560 4925 3
7514 4927 7559 4972 5
7510 4976 7558 5021 5
7523 5113 7551 5152 5
7437 5158 7611 5192 mindeſtens
7502 5194 7549 5230 20
7521 5262 7549 5302 5
7437 5306 7610 5342 mindeſtens
7503 5342 7547 5380 10
7913 4327 8220 4389 Luxemburg
7847 4452 8090 4521 Gewichtſtufe
7860 4596 8071 4651 bis 20 g
7796 4640 8124 4705 über 20 — 250 g
7878 4755 8070 4802 einfache
7833 4802 8097 4847 mit Antwort
7855 4860 8065 4908 bis 50 g
7776 4907 8138 4951 über 50 — 100 g
7804 4950 8138 5000 „ 100 — 250 g
7800 4997 8144 5048 „ 250 — 500 g
7740 5042 8186 5090 über 500 g bis 1 kg
7853 5099 8073 5147 bis 250 g
7782 5145 8142 5193 über 250 — 500 g
7738 5190 8181 5238 über 500 g bis 1 kg
7840 5301 8075 5353 bis 250 g
7784 5349 8135 5409 über 250 — 350 g
8324 4441 8460 4491 Porto
8353 4489 8432 4538 Pf.
8359 4602 8426 4649 15
8360 4649 8434 4698 25
8383 4754 8470 4806 7 ½
8359 4803 8428 4844 15
8378 4858 8428 4903 3
8377 4901 8424 4950 5
8358 4949 8424 4993 10
8357 4993 8423 5042 20
8359 5041 8420 5088 30
8363 5105 8419 5144 10
8359 5146 8418 5188 20
8361 5191 8422 5236 30
8345 5306 8424 5354 10
8365 5355 8412 5393 20
8804 4312 9144 4389 Ausland***)
8662 4451 9048 4524 Gewichtſtufe
8727 4576 8927 4628 bis 20 g
8591 4626 9064 4680 für jede weiteren 20 g
8620 4673 9040 4734 (ohne Meiſtgewicht)
8746 4757 8908 4806 einfache
8690 4804 8965 4846 mit Antwort
8695 4924 8951 4977 für je 50 g
8578 4976 9063 5065 (Meiſtgewicht 2 kg)
8697 5123 8942 5174 für je 50 g
8604 5169 9027 5219 (Meiſtgewicht 2 kg)
8696 5305 8945 5356 für je 50 g
8602 5354 9041 5414 (Meiſtgewicht 350 g)
9197 4438 9349 4498 Porto
9242 4490 9316 4539 Pf.
9248 4576 9316 4625 20
9247 4626 9318 4682 10
9251 4759 9315 4801 10
9244 4802 9321 4845 20
9259 4925 9318 4987 5
9262 5111 9309 5156 5
9177 5160 9364 5195 mindeſtens
9244 5193 9303 5237 20
9275 5273 9297 5309 5
9182 5317 9350 5352 mindeſtens
9251 5359 9296 5396 10
