10712 7544
1046 1723 2420 1769 gelebt hat, und daß ſie jetzt nur durch fremde Agitation gegen die
1045 1766 2419 1814 Mehrheit ihrer Mitbürger in Ermland und in Maſuren aufgeſtachelt
1043 1811 2418 1854 iſt. Nach der Abſtimmung werden wir wieder miteinander leben
1037 1854 2416 1899 müſſen. Wir Deutſche wollen im Bewußtſein unſerer Stärke und
1048 1897 2418 1944 unſerer Kraft nicht dieſe Kluft, die ſich in dieſen Monaten
1048 1942 2419 1987 zwiſchen Bewohnern desſelben Landes aufgetan hat, weiter
1049 1986 2412 2031 vertiefen. Die Entſcheidung für die Zukunft der Abſtimmungs⸗
1048 2030 2420 2077 gebiete fällt nicht allein am Abſtimmungstage, ſondern
1047 2074 2421 2120 auch in den Wochen nachher, in denen die Ergebniſſe
1042 2117 2418 2163 der Abſtimmung von den alliierten Mächten gewertet werden. Wir
1044 2162 2417 2207 wollen daher ſtets daran denken, daß auch nach der Abſtimmung jeder
1048 2205 2412 2251 Zuſammenſtoß zwiſchen deutſch und polniſch Geſinnten unſerer Sache
1050 2246 2411 2295 unüberſehbaren Schaden bringen kann. Haltet Ruhe aus nationalem
1048 2294 2413 2339 Pflichtgefühl in den kommenden Wochen. Wenn wir unſerer inneren
1046 2337 2411 2383 Ueberzeugung und dieſer Loſung folgen, ſo werden am ſtahlharten
1051 2382 2416 2430 Willen des ermländiſchen und maſuriſchen Volkes alle Bemühungen
1045 2427 1502 2472 der Gegner zerſplittern.
1158 997 2424 1050 Der deutſche Staats⸗ und Reichskommiſſar im oſtpreußi⸗
1050 1046 2418 1100 ſchen Abſtimmungsgebiete Freiherr von Gayl hat folgenden
1048 1097 2418 1147 Aufruf an die deutſchgeſinnten Ermländer und
1054 1147 1486 1196 Maſuren erlaſſen:
1052 1239 2418 1285 Maſurens zugleich mit den Abſtimmungsberechtigten, welche aus der
1050 1283 2413 1329 Ferne zu uns kommen, die Zukunft der gemeinſamen Heimat ent⸗
1053 1326 2414 1373 ſcheiden. Große Scharen lieber Landsleute treffen bei uns ein. Tage
1050 1370 2416 1416 gewaltiger nationaler Erregung ſtehen uns bevor. Ich halte es daher
1046 1415 2413 1462 für meine Pflicht, noch einmal ernſtlich darauf hinzuweiſen, daß die
1049 1458 2413 1503 Zeit vor und nach der Abſtimmung unter allen Umſtänden in Ruhe
1047 1502 2413 1549 und ohne jeden Zuſammenſtoß mit polniſch Geſinnten verlaufen muß.
1045 1545 2420 1593 Wir Deutſche ſind unſerer Sache gewiß. Wir haben es nicht nötig, gegen
1044 1591 2417 1636 die Minderheit, welche gegen uns ſtimmen will, irgendwelche Gewalt an⸗
1052 1633 2419 1680 zuwenden. Vergeſſen wir keinen Augenblick, daß die Mehrzahl von
1050 1679 2420 1723 ihnen Jahrhunderte lang unter uns friedlich gewohnt und mit uns
1145 1195 2421 1242 Am 11. Juli wird die anſäſſige Bevölkerung Ermlands ſowie
1619 938 1849 989 Preußen.
1581 2542 1883 2600 Oeſterreich.
1147 2608 2413 2659 Die Regierung hat nach einer Mitteilung des „Oeſter⸗
1048 2658 2415 2708 reichiſchen Korreſpondenzbüros“ in Paris Vorſtellungen gegen
1040 2708 2411 2758 einige Beſtimmungen der ihr ſeitens des Generalſekretariats
1042 2758 2410 2807 der Friedenskonferenz zugegangenen Inſtruktionen für die im
1043 2807 2413 2857 St. Germainer Staatsvertrag vorgeſehenen Abgrenzungs⸗
1039 2856 2411 2906 kommiſſionen zur Feſtſtellung der neuen Staats⸗
1043 2906 2413 2958 grenzen erhoben, da dieſe Beſtimmungen über den
1048 2956 2412 3006 Inhalt dieſes Vertrags hinauszugehen ſcheinen und
1039 3004 2411 3055 eine Beſchränkung der den Abgrenzungskommiſſionen ein⸗
1040 3053 2404 3105 geräumten Befugniſſe zur Folge haben könnten. Gleichzeitig
1041 3104 2410 3155 lenkte die Regierung die Aufmerkſamkeit des Oberſten Rates
1040 3153 2412 3205 neuerlich darauf, daß die in der Begleitnote zum ungariſchen
1048 3203 2410 3253 Friedensvertrag vorgeſehene Möglichkeit eines Appells an den
1041 3251 2404 3303 Rat des Völkerbundes im Wege der zuſtehenden Grenz⸗
1041 3302 2403 3351 kommiſſion zur Beſeitigung von Ungerechtigkeiten in der Grenz⸗
1042 3350 2407 3403 führung in ethnographiſcher und wirtſchaftlicher Hinſicht billiger⸗
1032 3401 2402 3453 weiſe auch den zur Feſtſetzung der öſterreichiſchen Grenzen
1033 3451 1925 3501 berufenen Kommiſſionen gewährleiſtet iſt.
1373 3536 2087 3585 Großbritannien und Irland.
1137 3595 2410 3647 Die engliſche Regierung hat der polniſchen
1034 3645 2400 3696 Regierung gegenüber, wie die „Times“ meldet, dem Wunſch
1030 3693 2403 3745 Ausdruck gegeben, Polen möge die Unabhängigkeit Litauens
1031 3743 2407 3794 unter Einſchluß Wilnas anerkennen und mit Litauen in Ver⸗
1041 3794 2399 3847 handlungen eintreten, um eine freundſchaftliche Verſtändigung
1042 3843 1988 3893 zwiſchen den beiden Ländern herbeizuführen.
1137 3893 2401 3944 — Am Freitag abend hat das iriſche republikaniſche
1038 3942 2409 3992 Parlament eine Sitzung abgehalten, an der etwa 60 Mitglieder
1034 3992 2402 4041 teilnahmen. Dem „Algemeen Handelsblad“ zufolge, hat das
1037 4041 2405 4092 Parlament ein Dekret erlaſſen, durch das zur Einrichtung republi⸗
1029 4090 2405 4139 kaniſcher Gerichtshöfe die Ermächtigung erteilt wird. Eine
1029 4138 2404 4196 „nationale Anleihe“ in Höhe von 250 000 Pfund iſt mit 50 000
1035 4189 1616 4240 Pfund überzeichnet worden.
1582 4263 1852 4314 Frankreich.
1136 4322 2403 4374 Der Großweſir Damad Ferid Paſcha verläßt heute
1027 4372 2395 4424 abend Verſailles, um ſich in Toulouſe nach Konſtantinopel ein⸗
1033 4421 2393 4476 zuſchiffen. Zum Vorſitzenden der türkiſchen Delegation iſt
1031 4471 1701 4521 Reſchid Bei ernannt worden.
1615 4544 1825 4594 Belgien.
1128 4604 2398 4656 Die erſte Beſprechung der Konferenz in Spaa
1027 4652 2397 4705 fand geſtern vormittag im Schloß de la Freineuſe unter dem
1026 4702 2397 4755 Vorſitz des belgiſchen Miniſterpräſidenten Delacroix ſtatt. An
1021 4752 2388 4804 der Konferenz nahmen teil: von belgiſcher Seite der Miniſter⸗
1027 4801 2396 4853 präſident Delacroix, der Miniſter des Aeußern Hymans und der
1023 4850 2391 4904 Miniſter des Innern Jaſpar, von engliſcher Seite der Premier⸗
1023 4900 2393 4957 miniſter Lloyd George, der Staatsſekretär des Aeußern Lord
1026 4949 2395 5002 Curzon und Sir L. Worthington Evans, von franzöſiſcher Seite
1019 4999 2392 5053 der Miniſterpräſident Millerand, der Finanzminiſter Marſal
1020 5049 2394 5100 und der Miniſter der öffentlichen Arbeiten Le Troquer, von italieni⸗
1025 5098 2386 5151 ſcher Seite der Miniſter des Aeußern Graf Sforza und Bertolini,
1015 5148 2386 5201 von japaniſcher Seite der Botſchafter in London Graf Chinda,
1021 5198 2393 5250 von deutſcher Seite der Reichskanzler Fehrenbach, der Miniſter
1019 5246 2386 5299 des Aeußern Dr. Simons, der Finanzminiſter Dr. Wirth und
1017 5296 2389 5351 der Ernährungsminiſter Hermes. Sofort nach Eintreffen der
1015 5345 2393 5399 deutſchen Delegierten wurde ohne formelle Begrüßung in die
1018 5395 2388 5450 Verhandlungen eingetreten und zunächſt die Tagesordnung feſt⸗
1025 5444 2385 5501 geſetzt, welche die nachfolgenden Punkte umfaſſen ſoll: Durch⸗
1020 5493 2380 5550 führung der militäriſchen Bedingungen des Friedensvertrags,
1016 5542 2387 5599 die Frage der Wiedergutmachungen, die Kohlenfrage, die Frage
1018 5591 2382 5649 der Durchführung der Beſtrafung der ſogenannten Kriegs⸗
1018 5641 1701 5694 verbrecher, die Danziger Frage.
1120 5691 2383 5747 Der Reichskanzler Fehrenbach erklärte hierauf laut
1021 5740 2383 5795 Bericht des „Wolffſchen Telegraphenbüros“, nachdem er ſeiner
1019 5789 2386 5844 Genugtuung über das Zuſtandekommen kontradiktoriſcher
1019 5838 2385 5893 Verhandlungen Ausdruck gegeben hatte, daß es der feſte Wille
1015 5887 2376 5944 der deutſchen Delegation und des ganzen deutſchen Volkes ſei,
1016 5936 2375 5994 die Friedensbedingungen loyal durchzuführen. Zur Behandlung
1013 5984 2379 6041 der militäriſchen Frage würde allerdings die Anweſenheit des
1015 6033 2374 6093 Reichswehrminiſters und des Generals von Seeckt notwendig
1015 6083 2373 6142 ſein, die, als man geſtern von der bevorſtehenden Erörterung
1012 6132 2376 6191 der militäriſchen Frage erfahren habe, ſofort dringend herbei⸗
1020 6180 2381 6242 gebeten worden ſeien, aber nicht vor heute Nachmittag eintreffen
1013 6230 2375 6288 könnten. Die Konferenz beſchloß, die Ankunft der Herren abzu⸗
1011 6279 2375 6338 warten. Auf eine Frage des Reichskanzlers, ob vielleicht zur Be⸗
1014 6328 2376 6388 ſprechung der Beſtrafung die Anweſenheit des deutſchen Juſtiz⸗
1009 6377 2371 6437 miniſters erforderlich ſei, wurde mitgeteilt, daß ſie dringend
1006 6427 2369 6485 erwünſcht ſei. Es würden übrigens auch der engliſche Lord⸗
1004 6476 2368 6533 kanzler und der franzöſiſche Juſtizminiſter erſcheinen. Nachdem
1006 6525 2367 6583 der Reichskanzler Fehrenbach darauf aufmerkſam gemacht
1011 6574 2367 6630 hatte, daß der deutſche Juſtizminiſter gleichzeitig Vizekanzler ſei,
1005 6624 2365 6680 und, da der Reichstag jetzt tage, die gleichzeitige längere Ab⸗
1005 6673 2375 6728 weſenheit des Reichskanzlers und des Vizekanzlers zu Unzuträglich⸗
1008 6722 2376 6779 keiten führen würde, beſchloß die Konferenz die Frage der
1007 6772 2367 6828 Beſtrafung bereits am Donnerstag zu beſprechen. Die Konferenz
1008 6818 1441 6882 vertagte ſich hierauf
2487 990 3844 1040 Sachverſtändigen verſucht, den in Brüſſel aufgeſtellten Grund⸗
2486 1038 3847 1089 ſatz, betreffend die Verteilung der deutſchen Entſchädi⸗
2483 1089 3849 1140 gung, zur Anwendung zu bringen. Sie waren ſich klar da⸗
2485 1138 3849 1188 rüber, daß das Prioritätsrecht auf 2 ½ Milliarden Gold⸗
2484 1187 3841 1238 mark, das der Vertrag von Verſailles Belgien gewährt,
2483 1237 3846 1287 wenn es ohne Abänderung aufrecht erhalten würde, dazu
2486 1285 3844 1337 führen müßte, daß die erſte zur Tilgung der deutſchen
2484 1333 3847 1385 Schuld beſtimmte internationale Anleihe vollſtändig zur
2480 1383 3851 1434 Sicherſtellung des Belgien gewährten Privilegs dienen
2478 1433 3845 1484 würde. Infolgedeſſen hat man Belgien vorgeſchlagen, das
2484 1482 3848 1533 Vorzugsrecht beizubehalten mit dem Vorbehalt, die Summe in
2486 1532 3840 1583 mehrere Teilſummen zu zerlegen, deren Bezahlung allmählich
2486 1581 3841 1634 erfolgen ſoll. Unter dieſer Vorausſetzung würden die Eng⸗
2485 1630 3847 1682 länder mit einem achtprozentigen Anteil von Belgien einver⸗
2485 1680 3850 1732 ſtanden bleiben, wie er in Brüſſel feſtgeſetzt worden iſt. Die
2484 1728 3848 1781 Frage iſt noch nicht endgültig entſchieden, aber in gutem
2481 1777 3844 1829 Gange. Am Schluß der Zuſammenkunft der finanziellen
2485 1827 3847 1879 Sachverſtändigen wurde eine italieniſche Note geprüft, in der
2480 1878 3841 1929 der Standpunkt Italiens zur Verteilung der Entſchädigung
2479 1927 2796 1975 dargelegt wird.
2481 2086 3847 2137 iſt der Direktor im franzöſiſchen Miniſterim für Handel und
2479 2136 3840 2187 Induſtrie Couſon zum offiziellen Beſuch in Kowno eingetroffen,
2479 2185 3843 2237 um Handelsbeziehungen mit Litauen anzuknüpfen. Das
2481 2234 3845 2285 franzöſiſche Miniſterium für Handel und Induſtrie will in
2477 2284 3846 2336 Kowno ein Informationsbüro einrichten, wo Intereſſenten alle
2480 2334 3116 2384 möglichen Auskünfte erhalten.
2478 2538 3846 2590 Tidende“ zufolge durch ein Schiedsgericht, an deſſen Spitze der
2477 2588 3843 2638 engliſche Kommiſſar für die baltiſchen Länder, Oberſt Tallents
2481 2637 3843 2688 ſteht, zugunſten Eſtlands entſchieden worden. Das Schieds⸗
2482 2686 3842 2737 gericht hat die umſtrittene Stadt Walk Eſtland zugeſprochen.
2481 2736 3844 2788 Der lettiſche Miniſter des Aeußern hat dieſe Entſcheidung mit
2479 2785 3837 2839 ſeinem Rücktritt beantwortet, und man erwartet, daß die ganze
2479 2835 3324 2887 Regierung ſeinem Beiſpiel folgen wird.
2479 3039 3838 3089 Vertrag zwiſchen den Alliierten und Dänemark über die Ueber⸗
2473 3089 3837 3141 tragung der Souveränität über Nordſchleswig geſtern
2476 3138 3130 3190 in Paris unterzeichnet worden.
2474 3342 3841 3393 frage iſt vorgeſtern durch den finniſchen Geſandten in Stockholm
2472 3391 3837 3442 dem Miniſter des Auswärtigen überreicht worden. Die Preſſe
2469 3441 3838 3495 nimmt an, daß die ſchwediſche Regierung nunmehr zunächſt die
2474 3491 3555 3542 Verhandlungen des Völkerbundes abwarten werde.
2470 3694 3836 3747 unter die Fahnen gerufen worden. Sie hatte während
2469 3744 3833 3796 des Krieges nicht gedient und ſoll im Innern des Landes die
2471 3794 3653 3846 Truppen ergänzen, die nach Kleinaſien geſandt werden.
2471 3947 3834 3993 lage erlitt, wird energiſch verfolgt. Einige zerſtreute Abteilungen
2469 3990 3830 4036 konnten nach Bruſſa entkommen. Die geſtern in Panderma voll⸗
2471 4035 3832 4080 zogene Truppenlandung trug zu dem ſchnellen Erfolg bei. Die Ab⸗
2464 4079 3828 4124 teilungen, die unter dem Schutze der engliſchen Flotte landeten,
2464 4124 3827 4169 drangen gegen Süden vor und ſtießen in Omeskioej, 26 km ſüdlich
2466 4166 3825 4214 von Balikesri, auf die Vorhut der türkiſchen Armee. Die ganze
2459 4211 2939 4259 Aktion dauerte 3 ½ Tage.
2457 4367 3824 4417 der perſiſchen Geſandtſchaft in Paris Mochired ed Dauleh
2459 4416 3829 4468 und zum Miniſter der auswärtigen Angelegenheiten Mocharos
2464 4465 3411 4516 es Sultaneh⸗Chadimy ernannt worden.
2460 4575 3827 4627 bekanntgegeben, daß Japan beſchloſſen hat, ſeine Truppen aus
2458 4625 3828 4675 dem Baikalgebiet zurückzurufen, da nicht länger die Not⸗
2455 4674 3822 4725 wendigkeit beſteht, die Tſchechoſlowaken zu ſchützen. Die Lage
2458 4723 3823 4776 in den öſtlichen Provinzen iſt aber anders mit Rückſicht auf die
2456 4773 3828 4824 Bedrohung der Küſtenſtädte durch die Bolſchewiſten. Darum
2455 4822 3825 4873 werden japaniſche Garniſonen in Nikolajewsk und anderen
2457 4871 3826 4923 Orten der ſibiriſchen Meerprovinzen belaſſen werden, bis eine
2460 4920 3708 4974 ruſſiſche Regierung für Oſtſibirien aufgerichtet worden iſt.
2461 5032 3819 5084 ſind „Eaſtern Service“ zufolge von Japan wieder an Deutſch⸗
2453 5081 3818 5135 land zurückgegeben worden. Die diplomatiſchen Beziehungen
2457 5130 3438 5183 zwiſchen beiden Ländern ſind wiederhergeſtellt.
2582 941 3843 990 — Nach einer Havas⸗Reutermeldung haben die finanziellen
2570 2036 3840 2089 Nach einer Meldung der „Litauiſchen Telegraphenagentur“
2573 2489 3845 2540 Der lettiſch⸗eſtniſche Grenzſtreit iſt der „Berlingſke
2573 2989 3845 3041 Nach einer Meldung der „Berlingſke Tidende“ iſt der
2570 3293 3840 3344 Die Antwortnote der finniſchen Regierung in der Aalands⸗
2565 3646 3838 3698 Nach einer Havasmeldung iſt die Jahresklaſſe 1905
2566 3856 3834 3906 — Der griechiſche Heeresbericht vom 3. Juli beſagt:
2559 3905 3835 3949 Der Feind, der im Süden von Balikesri eine vernichtende Nieder⸗
2568 4317 3824 4368 Zum perſiſchen Miniſterpräſidenten iſt nach Mitteilung
2560 4526 3822 4579 — Nach einer Meldung aus Tokio wird dort amtlich
2557 4982 3825 5033 — Die deutſche Botſchaft in Tokio und die Konſulatsgebäude
3061 1979 3261 2024 Litauen.
3052 2431 3265 2476 Lettland.
3021 2931 3291 2978 Dänemark.
3032 3235 3276 3284 Schweden.
2986 3587 3312 3637 Griechenland.
3068 4258 3212 4305 Aſien.
2453 5470 3820 5522 Großen Berliner Straßenbahn hat, wie hieſige Blätter
2453 5514 3816 5564 berichten, in Betriebsverſammlungen zu den im Beſchluß des Auf⸗
2452 5558 3817 5608 ſichtsrats enthaltenen Zugeſtändniſſen auf ihre Forderungen (ſ. Nr. 144
2451 5603 3815 5653 d. Bl., zweite Beilage) Stellung genommen. Es ſtehen noch einige
2445 5646 3809 5695 Verſammlungen aus, doch dürften ſie an dem Ergebnis nichts ändern.
2448 5689 3816 5738 Der überwiegende Teil der Straßenbahner hat auf Grund der Be⸗
2449 5733 3813 5783 richte der Obleute der Vereinbarung mit dem Aufſichts⸗
2447 5779 3819 5828 rat zugeſtimmt. Damit iſt die Einigung gegeben und ein Streik
2439 5824 2646 5867 vermieden.
2437 5919 3826 5971 Angeſtellten und Arbeiter in Berlin⸗Wilmersdorf
2440 5962 3810 6017 haben dem Magiſtrat am gleichen Tage folgende Forderungen unter⸗
2436 6007 3814 6060 breitet: 1. den Beſchluß des Magiſtrats, in dem die Kündigung der
2435 6050 3807 6106 von der Einwohnerwehr übernommenen Wächter ausgeſprochen wurde,
2438 6092 3808 6148 ſofort wieder herzuſtellen und die Wächter ſofort vom Dienſt abzulöſen,
2439 6142 3811 6194 2. die einzelnen Dienſtſtellen ohne jeden Verzug anzuweiſen, den nicht⸗
2435 6183 3816 6237 ſtändigen Angeſtellten den durch Beſchluß der Vollverſammlung vom
2441 6230 3809 6280 1. Juli geforderten Vorſchuß von 1000 bezw. 800 ℳ beſtimmt ſofort
2437 6271 3810 6320 auszuzahlen und dem am 28. v. M. geſtellten Erſuchen um raten⸗
2438 6316 3812 6368 weiſe Abrechnung des Ende Mai erhaltenen Vorſchuſſes ſofort ſtatt⸗
2434 6358 3809 6409 ſugeben, 3. den Oberbürgermeiſter als Chef der Verwaltung zu er⸗
2433 6403 3807 6454 zuchen, ſofort an Stelle des Kämmerers Rohde einen Perſonal⸗
2432 6450 3806 6498 dezernenten zu ernennen, der in der Lage iſt, den an ihn geſtellten
2430 6488 3805 6541 Anforderungen voll zu genügen, 4. über das bis jetzt noch nicht end⸗
2430 6533 3807 6586 gültig erledigte Schreiben des Betriebsrats vom 6. Mai d. J. um⸗
2427 6576 2958 6625 gehend Beſchluß zu faſſen.
2427 6660 3805 6712 Arbeitgeberverband den von der Arbeiterſchaft angenommenen Schieds⸗
2430 6705 3804 6756 ſpruch des Schlichtungsausſchuſſes, der der Arbeiterſchaft einen
2432 6749 3802 6798 Teuerungszuſchlag von 40 bis 70 ₰ für die Stunde zu den
2433 6792 3799 6844 geltenden Tarifſätzen zuſprach, abgelehnt hat, die geſtern vor⸗
2430 6837 3795 6889 mittag verſammelten Vertrauensmänner aller unter den
2538 5427 3818 5475 Das Werkſtätten⸗ und Betriebsperſonal der
2532 5875 3817 5927 Die am Sonnabend in den Streik eingetretenen ſtädtiſchen
2516 6620 3804 6672 In Königsberg i. Oſtpr. haben, nachdem der oſtpreußiſche
2759 5303 3495 5355 Statiſtik und Volkswirtſchaft.
2837 5373 3431 5421 Arbeitsſtreitigkeiten.
3916 937 5281 985 Schiedsſpruch fallenden Gewerkſchaften beſchloſſen, von Dienstag früh
3908 982 5283 1028 ab in den Streik einzutreten. Die übrigen Verbände beſchloſſen
3906 1026 5278 1074 den Sympathieſtreik nach der Kampfeslage. Der „Deutſchen Allge⸗
3908 1070 5284 1116 meinen Zeitung“ wird dazu noch berichtet: „Außer den Hafen⸗
3906 1114 5282 1161 arbeitern ſind ſeit geſtern auch die Transportarbeiter
3907 1156 5285 1203 und die Arbeiter in der Metall⸗, Mühlen⸗ und Brauerei⸗
3910 1202 5285 1247 induſtrie ausſtändig. Die ſtädtiſchen Gasanſtaltsarbeiter und die
3910 1243 5284 1291 Arbeiter des Elektrizitätswerks wollen ſich heute ſchlüſſig werden, ob ſie ſich
3907 1289 5282 1336 dem Streik anſchließen werden. Die Eiſenbahnarbeiter haben eine
3912 1333 5279 1378 Beteiligung im Hinblick auf die Volksabſtimmung einſtweilen ab⸗
3912 1378 5280 1422 gelehnt. Die Streikenden betonen den wirtſchaftlichen Charakter des
3906 1422 5274 1466 Streiks. Man wird aber damit rechnen müſſen, daß dieſer infolge
3920 1466 5272 1510 ſtarker Hetze der Radikalen zu einem politiſchen Generalſtreik wird.“
3914 1553 5276 1600 wegen des 10 prozentigen Steuerabzugs vom Lohne die Arbeiter des
3910 1597 5271 1643 Solvay⸗Werkes in Oſternienburg in den Ausſtand ge⸗
3906 1641 5274 1688 treten. Im Magdeburger Bezirk hat eine Reihe von Demon⸗
3917 1685 5279 1730 ſtrationen ſowohl von Induſtrie⸗ als auch von Landarbeitern gegen
3911 1729 4510 1774 den Steuerabzug ſtattgefunden.
3915 1828 5278 1874 revier ſind einer Meldung von „W. T. B.“ aus Leipzig zufolge
3909 1872 5273 1916 in den Ausſtand getreten, um damit gegen den 10 %igen Steuer⸗
3910 1914 4540 1959 abzug vom Lohn zu proteſtieren.
3906 2003 5275 2049 auf der Zeche „Guſtav“ in Dettingen, wie dem genannten
3910 2046 5274 2093 Büro aus Aſchaffenburg berichtet wird, auf Beſchluß einer neuen
3909 2090 5271 2136 Betriebsverſammlung geſtern nachmittag abgebrochen. Die
3910 2134 4549 2180 Streiktage werden nicht vergütet.
4007 1510 5279 1555 Nach einer Meldung des genannten Blattes aus Magdeburg ſind
4008 1784 5273 1829 Auch die Belegſchaften im Bornaer Braunkohlen⸗
3994 1960 5274 2005 Dagegen wurde der aus dem gleichen Grunde begonnene Streik
3904 2442 5266 2489 der Unſtrut der Maler und Bildhauer Geheimrat Profeſſor Max
3901 2487 5264 2533 Klinger einer Herzlähmung im Alter von 63 Jahren erlegen.
3904 2530 5263 2581 Wie Wolffs Telegraphenbüro mitteilt, erfolgte ſein Ableben völlig
3904 2574 4758 2629 unerwartet ohne vorhergegangene Krankheit.
3999 2233 5165 2281 (Weitere „Statiſtiſche Nachrichten“ ſ. i. d. Erſten Beilage.)
4003 2399 5269 2446 Am Sonntagmittag iſt auf ſeinem Sommerſitz in Großjena an
4297 2328 4880 2379 Kunſt und Wiſſenſchaft.
3903 2729 5271 2776 ein Jahrzehnt lang vor dem Kriege bereitete das Preußiſch⸗hiſtoriſche
3904 2774 5269 2820 Inſtitut in Rom eine Unterſuchung und Veröffentlichung der Bauten
3901 2818 5271 2864 der Hohenſtaufen in Unteritalien vor. Die Auflage lag in der Hand
3899 2861 5270 2911 von Profeſſor Arthur Haſeloff, dem jetzt nach Kiel berufenen Kunſt⸗
3900 2905 5271 2952 gelehrten, und dieſer kann nun den erſten Band ſeines großen
3899 2950 5262 2996 Werks (bei Karl W. Hierſemann) erſcheinen laſſen. Die Schloß⸗
3901 2994 5270 3041 und Burgbauten Friedrichs II., die ſchon im 13. Jahrhundert
3901 3037 5271 3083 weithin Aufſehen erregt haben, nehmen noch heute unter den
3902 3082 5264 3128 Denkmälern Unteritaliens, zumal Apuliens, einen hervorragenden Platz
3898 3126 5268 3171 ein. Orientaliſch⸗byzantiniſche und franzöſiſch⸗gotiſche Einflüſſe durch⸗
3896 3169 5270 3217 kreuzen ſich hier, und von deutſcher, italieniſcher und franzöſiſcher
3896 3214 5263 3263 Seite ſind die verſchiedenſten Erklärungsverſuche vorgetragen worden.
3900 3258 5268 3304 Haſeloffs Publikation verſucht nun, in dem Widerſtreit der Meinungen
3898 3302 5266 3347 Klarheit zu ſchaffen. Zu dieſem Zwecke wurden nicht nur die er⸗
3901 3346 5269 3391 haltenen Reſte der Bauten genau durchforſcht, gemeſſen, photographiert
3897 3390 5265 3437 und gezeichnet, ſondern auch die archivaliſchen Quellen zum erſten
3899 3434 5266 3480 Male einer erſchöpfenden Durcharbeit unterzogen. Die Ausbeute
3894 3477 5266 3525 dieſer langjährigen Archivarbeit, die Profeſſor Dr. Sthamer
3896 3522 5263 3567 übertragen wurde, iſt in den Ergänzungsbänden des Hauptwerkes
3897 3566 5260 3611 niedergelegt. So wurde ein völlig neues Bild der Denkmäler und
3896 3610 5262 3655 ihrer entwicklungsgeſchichtlichen Bedeutung gewonnen. In dem erſten
3895 3654 5265 3699 Bande gibt Proſeſſor Haſeloff zunächſt ein Bild der Perſönlichkeit
3899 3698 5263 3744 Friedrichs II., ſeiner ungeheuren Bautätigkeit und ſeiner weitreichenden
3895 3742 5262 3788 künſtleriſchen Beziehungen. Weiter behandelt er die Bauten der von
3898 3786 5253 3831 Friedrich II. zu ſeiner Reſidenz erkorenen Provinz Capitanata,
3899 3830 5257 3876 führt alle erhaltenen Reſte der Bauten, die auf die Zeit Friedrichs II.
3897 3874 5259 3919 oder ſeiner Nachfolger zurückgehen, vor Augen und gibt einen Einblick
3897 3917 5258 3963 in den damaligen Baubetrieb, die Bauverwaltung, die Herkunft der
3894 3961 5256 4009 Künſtler und die Verhältniſſe der Arbeiterſchaft, die gerade damals
3898 4004 4735 4050 von ſtarken Lohnkämpfen erſchüttert wurde.
3990 2681 5269 2734 Die Hohenſtaufenbauten in Unteritalien. Nahezu
4119 4156 5016 4205 Aeronautiſches Obſervatorium.
4057 4269 5092 4316 4. Juli 1920. — Ballonaufſtieg von 6 ¾ a bis 7 ¾ a.
4267 4213 4874 4259 Lindenberg, Kr. Beeskow.
4318 4938 4826 4992 ¼ bedeckt. Sicht 8 km.
4026 5045 5104 5100 5. Juli 1920. — Drachenaufſtieg von 1 ¼ a bis 3 ¼ a.
3879 5804 5245 5861 ¾ bedeckt. Dunſt. Sicht 8 km. — Bodeninverſion bis 310 m von
3963 5851 5147 5903 17,8° auf 19,0°. Zwiſchen 2540 und 2800 m überall 7,0°.
4053 5953 5065 6011 (Fortſetzung des Nichtamtlichen in der Erſten
4313 6006 4795 6056 und Zweiten Beilage.)
4195 6158 4906 6230 Familiennachrichten.
3875 6246 5234 6303 Verlobt: Frl. Luiſe von Kleiſt mit Hrn. Oberleutnant a. D.
3963 6289 5098 6351 Franz von Gaertner (Tzſchernowitz, Kr. Guben — Glogau).
3870 6474 5229 6534 Verantwortlich für den Anzeigenteil: Der Vorſteher der Geſchäftsſtelle
3964 6414 5138 6478 Verantwortlicher Schriftleiter: J. V.: Weber in Berlin.
4000 6573 5093 6629 Verlag der Geſchäftsſtelle (J. V.: Meyer) in Berlin.
3977 6625 5106 6682 Druck der Norddeutſchen Buchdruckerei und Verlagsanſtalt.
3947 6792 5134 6854 (einſchließlich Börſenbeilage und Warenzeichenbeilage Nr. 54)
3993 6850 5081 6910 und Erſte und Zweite Zentral⸗Handelsregiſter⸗Beilage.
4140 6522 4956 6573 J. V.: Rechnungsrat Meyer in Berlin.
4238 6675 4771 6725 Berlin. Wilhelmſtraße 32.
4301 6732 4785 6799 Sieben Beilagen
5569 1069 9697 1214 zum Deutſchen Reichsanzeiger und Preußiſchen Staatsanzeiger
5558 1208 9715 1332 Nr. 147. Berlin, Dienstag, den 6. Juli 1920
7031 947 8158 1058 Erſte Beilage
6054 1411 6399 1495 Amtliches.
5542 1812 6897 1867 trags vom 19. Auguſt 1919 nebſt Nachtrag vom
5553 1863 6889 1913 10. November 1919, eingetragen auf Blatt 528 und 1035 des
5552 1911 6894 1966 Tarifregiſters, veröffentlicht in Nr. 28 vom 3. Februar 1920
5551 1961 6888 2019 und Nr. 107 vom 20. Mai 1920 des „Deutſchen Reichs⸗
5545 2009 6889 2068 anzeigers“, zur Regelung der Lohn⸗ und Arbeitsbedingungen
5543 2059 6892 2118 der gewerblichen Arbeiter in der Kartonnageninduſtrie in den
5544 2108 6892 2167 Gebieten der Provinzen Ober⸗ und Niederſchleſien wird mit
5541 2157 6500 2211 Wirkung vom 1. April 1920 aufgehoben.
5642 1764 6894 1820 Die allgemeine Verbindlichkeit des Tarifver⸗
5648 2219 6238 2269 Berlin, den 22. Juni 1920.
5868 1531 6584 1585 (Fortſetzung aus dem Hauptblatt.)
5942 1612 6479 1665 Deutſches Reich.
5882 1692 6538 1748 Bekanntmachung.
5929 2280 6487 2332 Der Reichsarbeitsminiſter.
5942 2329 6484 2381 J. A.: Dr. Hausmann.
5533 2600 6886 2655 trags vom 14. Oktober 1919 — eingetragen auf Blatt
5533 2648 6883 2703 438 des Tarifregiſters, veröffentlicht in Nummer 10 vom
5532 2697 6886 2756 13. Januar 1920 des Deutſchen Reichsanzeigers — zur Rege⸗
5527 2746 6879 2806 lung der Lohn⸗ und Arbeitsbedingungen der Arbeiter im Fuhr⸗
5527 2796 6878 2855 und Verkehrsgewerbe für das Gebiet der Stadt Leipzig wird
5535 2844 5837 2895 auf gehoben.
5632 2545 6884 2607 Die allgemeine Verbindlichkeit des Tarifver⸗
5634 2905 6216 2958 Berlin, den 28. Juni 1920.
5876 2478 6536 2534 Bekanntmachung.
5927 2969 6486 3023 Der Reichsarbeitsminiſter.
6037 3019 6373 3071 J. A.: Wulff.
5521 3282 6878 3344 Hamburg, der Zentralverband der Angeſtellten, der
5522 3335 6878 3392 Gewerkſchaftsbund der Angeſtellten und der Gewerk⸗
5528 3383 6883 3440 ſchaftsbund der kaufmänniſchen Angeſtelltenverbände
5527 3434 6883 3492 haben beantragt, die zwiſchen ihnen mit Wirkung vom 15. April
5519 3483 6877 3541 1920 abgeſchloſſene Zuſatzvereinbarung (Teuerungszuſchlag)
5520 3533 6880 3591 zu dem allgemein verbindlichen Tarifvertrag vom 1. Juli
5524 3583 6878 3643 1919 zur Regelung des Arbeitsverhältniſſes der kaufmänniſchen
5524 3632 6869 3691 Angeſtellten im Einzelhandel mit Eiſenwaren, Werkzeugen,
5524 3681 6875 3739 Maſchinen, Metallen, ſanitären Artikeln, Röhren, Haus⸗ und
5518 3730 6867 3791 Küchengeräten, Glas und Porzellan gemäß § 2 der Verordnung
5516 3781 6876 3838 vom 23. Dezember 1918 (Reichs⸗Geſetzbl. S. 1456) für das
5521 3829 6875 3888 Gebiet der Städte Hamburg, Altona und Wandsbek für all⸗
5526 3880 6177 3930 gemein verbindlich zu erklären.
5528 3977 6878 4034 15. Juli 1920 erhoben werden und ſind unter Nummer
5521 4028 6876 4088 VI. R. 680 an das Reichsarbeitsminiſterium, Berlin, Luiſen⸗
5520 4074 5964 4128 ſtraße 33, zu richten.
5625 3235 6873 3296 Der Arbeitgeberverband des Einzelhandels, Sitz
5630 3929 6875 3987 Einwendungen gegen dieſen Antrag können bis zum
5623 4136 6214 4187 Berlin, den 23. Juni 1920.
5867 3166 6531 3221 Bekanntmachung.
5916 4199 6470 4253 Der Reichsarbeitsminiſter.
6020 4248 6358 4301 J. A.: Wulff.
5515 4506 6869 4565 geberverbände E. V. und der Bund der techniſchen
5510 4555 6869 4614 Angeſtellten und Beamten, Geſchäftsſtelle für
5507 4605 6866 4663 Süddeutſchland, in Stuttgart, Weraſtraße 33 I, haben
5508 4654 6870 4713 beantragt, die zwiſchen ihnen und dem Deutſchen Werk⸗
5508 4704 6866 4761 meiſterverband, Düſſeldorf, dem Deutſchnationalen
5509 4753 6864 4810 Handlungsgehilfenverband, dem Angeſtelltenverband
5506 4802 6866 4862 des Buchhandels, Buch⸗ und Zeitungsgewerbes, dem
5508 4853 6866 4910 Gewerkſchaftsbund der Angeſtellten, dem Verband
5505 4902 6859 4962 der weiblichen Handels⸗ und Büroangeſtellten E. V.,
5503 4951 6864 5010 dem Zentralverband der Angeſtellten und dem Reichs⸗
5501 5001 6863 5058 verband der Angeſtellten ab 1. April 1920 vereinbarte
5503 5050 6859 5111 Teuerurgszulage zu dem allgemein verbindlichen Tarif⸗
5508 5103 6858 5157 vertrag vom 20. Dezember 1919 zur Regelung der Gehalts⸗
5502 5149 6860 5210 und Anſtellungsbedingungen der kaufmänniſchen und techniſchen
5503 5199 6860 5257 Angeſtellten in der Induſtrie gemäß § 2 der Verordnung vom
5501 5250 6865 5308 23. Dezember 1918 (Reichs⸗Geſetzbl. S. 1456) für das Gebiet
5499 5299 6857 5359 des Freiſtaates Württemberg für allgemein verbindlich zu
5501 5347 5686 5395 erklären.
5497 5447 6864 5505 15. Juli 1920 erhoben werden und ſind unter Nummer
5502 5498 6858 5558 VI. R. 935 an das Reichsarbeitsminiſterium, Berlin, Luiſen⸗
5505 5545 5955 5598 ſtraße 33, zu richten.
5612 4457 6864 4513 Die Vereinigung Württembergiſcher Arbeit⸗
5609 5398 6859 5458 Einwendungen gegen dieſen Antrag können bis zum
5609 5607 6201 5659 Berlin, den 23. Juni 1920.
5858 4398 6518 4454 Bekanntmachung.
5897 5669 6458 5722 Der Reichsarbeitsminiſter.
6012 5719 6362 5774 J. A.: Wulff.
5493 5976 6850 6036 gewerkſchaften, Ortskartell Münſter, in Münſter i. W.,
5494 6024 6856 6084 Prinzipalmarkt 30, hat beantragt, den zwiſchen ihm, dem Ge⸗
5483 6075 6854 6135 werkſchaftsbund der Angeſtellten, der Arbeitsge⸗
5487 6125 6859 6182 meinſchaft freier Angeſtelltenverbände und dem
5489 6175 6857 6236 Arbeitgeberverband der Kaufmannſchaft zu Münſter
5482 6223 6848 6285 i. W. am 1. Februar 1920 abgeſchloſſenen Rahmenvertrag
5485 6273 6850 6332 nebſt dem Gehaltsabkommen vom 1. Februar 1920,
5486 6323 6855 6380 gültig vom 1. Januar bis 31. März 1920, und dem verbind⸗
5483 6371 6854 6432 lichen Schiedsſpruch vom 7. Mai 1920, gültig vom 1. April
5486 6422 6852 6479 bis 30. Juni 1920, zur Regelung der Lohn⸗ und Arbeits⸗
5485 6471 6846 6530 bedingungen der kaufmänniſchen und techniſchen Angeſtellten,
5486 6521 6854 6578 mit Ausnahme derjenigen, für die beſondere Tarifabkommen
5483 6569 6850 6625 beſtehen, gemäß § 2 der Verordnung vom 23. Dezember 1918
5487 6618 6849 6678 (Reichs⸗Geſetzbl. S. 1456) für das Gebiet des Stadtkreiſes
5489 6667 6631 6723 Münſter i. W. für allgemein verbindlich zu erklären.
5489 6778 6849 6838 15. Juli 1920 erhoben werden und ſind unter Nummer
5591 5926 6853 5984 Der Geſamtverband deutſcher Angeſtellten⸗
5588 6729 6853 6787 Einwendungen gegen dieſen Antrag. können bis zum
5833 5866 6493 5923 Bekanntmachung.
6964 1411 8317 1470 VI. R. 1794 an das Reichsarbeitsminiſterium, Berlin, Luiſen⸗
6965 1464 7414 1516 ſtraße 33, zu richten.
7064 1524 7667 1575 Berlin, den 23. Juni 1920.
7349 1585 7927 1638 Der Reichsarbeitsminiſter.
7354 1636 7919 1685 J. A.: Dr. Hausmann.
6958 1902 8312 1955 lands in Siegen, der Gewerkverein deutſcher Metall⸗
6957 1952 8306 2003 arbeiter und der Deutſche Metallarbeiterverband
6959 2000 7677 2053 haben beantragt, im Anſchluß an
6948 2494 8315 2552 die zwiſchen ihnen und dem Arbeitgeberverband der
6945 2593 8311 2648 und 27. Mai 1920 abgeſchloſſenen Lohnabkommen ſowie das
7054 1854 8313 1909 Der Chriſtliche Metallarbeiterverband Deutſch⸗
7024 2050 8313 2104 a) den allgemein verbindlichen Rahmentarifvertrag vom
6947 2544 8314 2598 Siegerländer Gruben und Hütten am 7. April 1920
6948 2643 8304 2699 am 9. Juni 1920 getroffene Abkommen über Gewährung
6945 2692 8308 2747 eines Arbeitererholungsurlaubs für alle metallgewerb⸗
6946 2741 8300 2796 lichen Betriebe des Kreiſes Siegen und Altenkirchen gemäß
6950 2791 8298 2848 § 2 der Verordnung vom 23. Dezember 1918 (Reichs⸗Geſetzbl.
6948 2839 8196 2892 S. 1456) gleichfalls für allgemein verbindlich zu erklären.
6950 2949 8303 3003 15. Juli 1920 erhoben werden und ſind unter Nummer
6945 3000 8303 3055 VI. R. 1423 an das Reichsarbeitsminiſterium, Berlin, Luiſen⸗
6948 3047 7385 3097 ſtraße 33, zu richten.
7082 2100 8315 2152 6. Juni 1919, betr. Regelung der Lohn⸗ und Arbeits⸗
7083 2149 8313 2202 bedingungen in den eiſen⸗ und ſtahlinduſtriellen ſowie
7083 2199 7705 2249 metallgewerblichen Betrieben,
7017 2247 8312 2302 b) die allgemein verbindliche tarifliche Abmachung vom
7084 2298 8311 2351 18. Oktober 1919, betreffend feſte Zuſchläge für die
7080 2346 7507 2397 laufenden Schichten,
7025 2396 8310 2451 c) die allgemein verbindliche tarifliche Abmachung vom
7083 2446 8185 2499 30. Januar 1920, betreffend Stundenlohnzuſchläge,
7055 2901 8298 2956 Einwendungen gegen dieſen Antrag können bis zum
7046 3108 7643 3158 Berlin, den 25. Juni 1920.
7296 1783 7965 1835 Bekanntmachung.
7328 3170 7897 3223 Der Reichsarbeitsminiſter.
7402 3220 7827 3271 J. A.: Dr. Buſſe.
6940 3488 8292 3546 und Körperſchaftsbeamten in Berlin NW. 6, Luiſenſtr. 31b,
6939 3536 8298 3595 hat beantragt, den zwiſchen dem Wirtſchaftsverband für
6938 3586 8299 3642 Landwirte und Gärtner des Kreiſes Teltow und dem
6937 3635 8300 3692 Kreisverein Berlin des Reichsverbandes land⸗ und
6939 3684 8298 3742 forſtwirtſchaftlicher Fach⸗ und Körperſchaftsbeamten
6934 3736 8296 3792 am 23. April 1920 abgeſchloſſenen Tarifvertrag zur Rege⸗
6932 3784 8297 3841 lung der Gehalts⸗ und Anſtellungsbedingungen der Angeſtellten
6935 3834 8295 3890 in der Land⸗ und Forſtwirtſchaft und deren Nebenbetrieben
6938 3882 8292 3939 gemäß § 2 der Verordnung vom 23. Dezember 1918 (Reichs⸗
6937 3931 8300 3992 Geſetzbl. S. 1456) für das Gebiet des Kreiſes Teltow für
6938 3980 7646 4033 allgemein verbindlich zu erklären.
6935 4091 8295 4147 15. Juli 1920 erhoben werden und ſind unter Nummer
6935 4142 8284 4201 VI. R. 1804 an das Reichsarbeitsminiſterium, Berlin NW. 6,
6933 4189 7585 4242 Luiſenſtraße 33/34, zu richten.
7039 3439 8293 3499 Der Reichsverband land⸗ und forſtwirtſchaftlicher Fach⸗
7038 4042 8288 4101 Einwendungen gegen dieſen Antrag können bis zum
7037 4250 7623 4300 Berlin, den 25. Juni 1920.
7283 3369 7949 3423 Bekanntmachung.
7325 4313 7887 4366 Der Reichsarbeitsminiſter.
7395 4363 7823 4415 J. A.: Dr. Buſſe.
6928 4630 8283 4688 E. V., Bezirksgruppe 3, Hamburg, Catharinenſtraße 19 II,
6928 4680 8290 4738 und der Deutſche Tabakarheiter⸗Verband, Gau I,
6928 4729 8291 4787 Altona, Langenfelderſtraße 43, haben beantragt, den zwiſchen
6926 4779 8284 4838 ihnen am 10. März 1920 abgeſchloſſenen Bezirkstarif⸗
6926 4831 8286 4885 vertrag zur Regelung der Lohn⸗ und Arbeitsbedingungen
6928 4877 8291 4937 der Zigarrenarbeiter gemäß § 2 der Verordnung vom 23. De⸗
6930 4927 8292 4987 zember 1918 (Reichs⸗Geſetzbl. S. 1456) für das Gebiet Ham⸗
6921 4977 8285 5035 burg, Altona, Wandsbek, Bergedorf, Geeſthacht, Wilhelms⸗
6923 5026 8284 5087 burg, Schiffbek, Harburg, Blankeneſe, Wedel, Pinneberg,
6921 5075 8283 5136 Rellingen, Kiel, Roſtock, Lübeck, Neumünſter, Kellinghuſen,
6927 5125 8283 5185 Itzehoe, Groß Boden, Boizenburg, Hitzacker, Neuhaus, Mölln,
6919 5175 8283 5235 Heide, Segeberg, Bredſtedt, Borgſtedt, Rendsburg, Parchim,
6927 5223 8281 5283 Woldegk, Grevesmühlen i. M., Hagenow, Wittenburg für all⸗
6928 5274 7588 5324 gemein verbindlich zu erklären.
6922 5372 8282 5433 15. Juli 1920 erhoben werden und ſind unter Nummer
6923 5423 8284 5483 VI. R. 1819 an das Reichsarbeitsminiſterium, Berlin, Luiſen⸗
6920 5471 7447 5522 ſtraße 33/34, zu richten.
7028 4581 8291 4639 Der Reichsverband Deutſcher Zigarrenherſteller
7028 5324 8284 5383 Einwendungen gegen dieſen Antrag können bis zum
7022 5532 7618 5582 Berlin, den 25. Juni 1920.
7270 4511 7937 4566 Bekanntmachung.
7317 5594 7884 5646 Der Reichsarbeitsminiſter.
7325 5643 7886 5694 J. A.: Dr. Hausmann.
6916 5912 8286 5972 Michaelkirchplatz 1 I, hat beantragt, den zwiſchen dem
6916 5963 8280 6022 Deutſchen Transportarbeiterverband, Verwaltungs⸗
6915 6012 8277 6070 ſtelle Flensburg, und dem Arbeitgeberverband E. V.
6915 6061 8278 6122 in Flensburg am 31. Mai 1920 abgeſchloſſenen Nach⸗
6917 6112 8278 6169 trag zu dem allgemein verbindlichen Tarifvertrag vom
6917 6161 8280 6218 16. Januar 1920 zur Regelung der Lohn⸗ und Arbeits⸗
6912 6210 8278 6267 bedingungen für die im Kohlenhandel beſchäftigten Kutſcher und
6916 6259 8281 6317 Arbeiter gemäß § 2 der Verordnung vom 23. Dezember 1918
6914 6308 8283 6368 (Reichs⸗Geſetzbl. S. 1456) für das Gebiet der Stadt Flens⸗
6911 6356 8111 6416 burg gleichfalls für allgemein verbindlich zu erklären.
6914 6466 8278 6522 15. Juli 1920 erhoben werden und ſind unter Nr. VI. R. 1503
6911 6516 8278 6578 an das Reichsarbeitsminiſterium, Berlin, Luiſenſtraße 33, zu
6910 6564 7065 6614 richten.
7016 5864 8283 5923 Der Deutſche Transportarbeiterverband Berlin SO. 16,
7012 6415 8275 6475 Einwendungen gegen dieſen Antrag können bis zum
7014 6621 7605 6677 Berlin, den 25. Juni 1920.
7261 5793 7942 5848 Bekanntmachung.
7309 6687 7871 6745 Der Reichsarbeitsminiſter.
7287 6738 7903 6793 J. A.: Dr. Hausmann.
8379 1537 9723 1591 Hamburg 9, Vorſetzen 35 — 37, der Centralverband der
8374 1591 9728 1644 Maſchiniſten und Heizer, ſowie Berufsgenoſſen
8372 1640 9726 1695 Deutſchlands, Geſchäftsſtelle Hamburg, und der Deutſche
8374 1689 9727 1744 Transportarbeiterverband, Ortsverwaltung Ham⸗
8373 1738 9725 1792 burg, Sektion Hafenarbeiter, haben beantragt, den
8375 1788 9723 1844 zwiſchen ihnen am 3. Mai 1920 abgeſchloſſenen Nachtrag
8377 1838 9718 1892 (Schiedsſpruch) zu dem allgemein verbindlichen Tarifvertrag
8371 1888 9719 1940 vom 2. September 1919 und den allgemein verbindlichen
8367 1935 9724 1989 Nachträgen vom 15./17. Oktober 1919 und 4. Februar 1920
8372 1984 9721 2040 (Schiedsſprüche) zur Regelung der Lohn⸗ und Arbeitsbedingungen
8371 2033 9718 2088 der Maſchiniſten und Heizer im Dampfwindenbetrieb gemäß § 2
8371 2082 9716 2138 der Verordnung vom 23. Dezember 1918 (Reichs⸗Geſetzbl.
8366 2133 9715 2188 S. 1456) für das Hafengebiet Hamburg⸗Altona und Harburg
8366 2182 9721 2235 mit Ausnahme der Staatsbetriebe gleichfalls für allgemein ver⸗
8370 2231 8792 2280 bindlich zu erklären.
8372 2330 9717 2383 15. Juli 1920 erhoben werden und ſind unter Nummer VI.
8367 2380 9720 2435 R. 1572 an das Reichsarbeitsminiſterium, Berlin, Luiſen⸗
8375 2428 8811 2479 ſtraße 33, zu richten.
8470 1492 9724 1546 Der Hafenbetriebsverein Hamburg E. V. in
8469 2281 9724 2335 Einwendungen gegen dieſen Antrag können bis zum
8466 2489 9070 2540 Berlin, den 26. Juni 1920.
8718 1424 9386 1475 Bekanntmachung.
8757 2550 9326 2601 Der Reichsarbeitsminiſter.
8822 2599 9265 2651 J. A.: Dr. Wulff.
8367 2836 9720 2890 Centralverband der Maſchiniſten und Heizer ſowie
8365 2885 9721 2941 Berufsgenoſſen Deutſchlands, Geſchäftsſtelle Ham⸗
8362 2934 9711 2991 burg, und der Deutſche Transportarbeiterverband,
8362 2983 9713 3042 Ortsverwaltung Hamburg, Sektion Hafenarbeiter,
8366 3033 9707 3088 haben beantragt, den zwiſchen ihnen am 3. Mai 1920 ab⸗
8365 3082 9716 3137 geſchloſſenen Nachtrag (Schiedsſpruch) zu dem allgemein ver⸗
8360 3131 9714 3188 bindlichen Tarifvertrag vom 2. September 1919 nebſt
8364 3182 9716 3238 Nachträgen vom 15./17. Oktober 1919 und 4. Februar 1920
8367 3231 9711 3285 (Schiedsſprüche) zur Regelung der Lohn⸗ und Arbeits⸗
8363 3277 9718 3334 bedingungen für die Hafen⸗, Kohlen⸗ und Lagerhausarbeiter
8361 3330 9710 3387 gemäß § 2 der Verordnung vom 23. Dezember 1918 (Reichs⸗
8360 3379 9709 3436 Geſetzbl. S. 1456) für das Hafengebiet der Stadt Harburg
8359 3426 9710 3486 mit Ausnahme der Staatsbetriebe für allgemein verbindlich zu
8361 3478 8532 3523 erklären.
8360 3577 9712 3630 15. Juli 1920 erhoben werden und ſind unter Nummer VI. R. 1535
8354 3626 9716 3685 an das Reichsarbeitsminiſterium, Berlin, Luiſenſtraße 33/34, zu
8359 3676 8505 3726 richten.
8463 2787 9721 2840 Der Hafenbetriebsverein Hamburg E. V., der
8460 3528 9713 3584 Einwendungen gegen dieſen Antrag können bis zum
8459 3736 9055 3788 Berlin, den 26. Juni 1920.
8710 2714 9375 2767 Bekanntmachung.
8745 3799 9306 3851 Der Reichsarbeitsminiſter.
8861 3849 9196 3901 J. A.: Wulff.
8402 4044 9712 4100 Der Hafenhetriebsverein Hamburg E. V.. in
8358 4093 9712 4149 Hamburg 9, Vorſetzen 35, der Centralverband der
8353 4143 9710 4201 Maſchiniſten und Heizer ſowie Berufsgenoſſen
8352 4194 9706 4252 Deutſchlands, Geſchäftsſtelle Hamburg, und derg
8353 4243 9692 4297 Deutſche Transportarbeiterverband, Ortsverwaltun
8355 4292 9714 4349 Hamburg, Sekt. Hafenarbeiter, haben beantragt, den
8352 4342 9712 4399 zwiſchen ihnen am 3. Mai 1920 abgeſchloſſenen Nachtrag
8353 4391 9707 4447 (Schiedsſpruch) zu dem allgemein verbindlichen Tarifver⸗
8352 4443 9710 4498 trag vom 2. September 1919 nebſt Nachträgen vom
8352 4491 9710 4546 15./17. Oktober 1919 und 4. Februar 1920 (Schieds⸗
8354 4540 9713 4596 ſprüche) zur Regelung der Lohn⸗ und Arbeitsbedingungen für
8353 4590 9711 4644 den Staubetrieb in Hamburg⸗Altona, den Ewerführereibetrieb
8350 4640 9711 4694 in Hamburg⸗Altona⸗Harburg, den Motor⸗Barkaſſenbetrieb in
8352 4688 9712 4744 Hamburg⸗Altona, den Bunkereibetrieb in Hamburg⸗Altona und
8352 4738 9711 4795 Harburg, den Speichereibetrieb in Hamburg⸗Altona, den Korn⸗
8351 4787 9702 4842 umſtechereibetrieb in Hamburg⸗Altona und die Ladungskontrole
8354 4837 9711 4894 (Tallyleute) in Hamburg⸗Altona und Harburg gemäß § 2 der
8350 4887 9703 4945 Verordnung vom 23. Dezember 1918 (Reichs⸗Geſetzbl. S. 1456)
8354 4936 9706 4991 für die bezeichneten Hafengebiete mit Ausnahme der Staats⸗
8351 4986 9330 5038 betriebe für allgemein verbindlich zu erklären.
8352 5085 9703 5139 15. Juli 1920 erhoben werden und ſind unter Nummer
8350 5136 9701 5194 VI. R. 1533 an das Reichsarbeitsminiſterium in Berlin NW. 6,
8349 5183 8995 5236 Luiſenſtraße 33/34, zu richten.
8454 5036 9704 5092 Einwendungen gegen dieſen Antrag können bis zum
8454 5244 9053 5294 Berlin, den 26. Juni 1920.
8697 3975 9365 4029 Bekanntmachung.
8748 5306 9305 5363 Der Reichsarbeitsminiſter.
8805 5356 9242 5411 J. A.: Dr. Wulff.
8344 5591 9708 5652 burg 9, Vorſetzen 35, der Centralverband der Maſchi⸗
8347 5641 9705 5701 niſten und Heizer ſowie Berufsgenoſſen Deutſchlands,
8351 5689 9710 5750 Geſchäftsſtelle Hamburg, und der Deutſche Trans⸗
8345 5740 9699 5800 portarbeiterverband, Ortsverwaltung Hamburg,
8345 5789 9705 5847 Sekt. Hafenarbeiter, haben beantragt, den zwiſchen ihnen
8346 5841 9702 5900 am 3. Mai 1920 abgeſchloſſenen Nachtrag (Schiedsſpruch) zu
8342 5888 9705 5949 dem allgemein verbindlichen Tarifvertrag vom 2. Sep⸗
8345 5938 9705 5997 tember 1919 nebſt Nachträgen vom 15./17. Oktober
8346 5988 9702 6050 1919 und 4. Februar 1920 (Schiedsſprüche) zur Regelung
8343 6036 9705 6099 der Lohn⸗ und Arbeitsbedingungen für den Kaibetrieb in Ham⸗
8341 6083 9706 6145 burg⸗Altona, die Hafenſchleppſchiffahrt in Hamburg⸗Altona⸗
8347 6135 9705 6198 Harburg und für die unterelbiſche Fracht⸗ und Schleppſchiffahrt,
8343 6182 9703 6248 die Schleppdampfſchiffs⸗Reederei und den Schiffsreinigungs⸗
8340 6233 9708 6296 und Keſſelreinigungsbetrieb gemäß § 2 der Verordnung vom
8339 6283 9705 6347 23. Dezember 1918 (Reichs⸗Geſetzbl. S. 1456) für das Hafen⸗
8342 6333 9702 6395 gebiet von Hamburg⸗Altona⸗Harburg mit Ausnahme der
8339 6382 9473 6439 Staatsbetriebe für allgemein verbindlich zu erklären.
8341 6481 9705 6544 15. Juli 1920 erhoben werden und ſind unter Nummer
8342 6530 9694 6595 VI. R. 1534 an das Reichsarbeitsminiſterium in Berlin NW. 6,
8338 6579 8985 6632 Luiſenſtraße 33/34, zu richten.
8448 5543 9705 5602 Der Hafenbetriebsverein Hamburg E. V. in Ham⸗
8444 6433 9707 6495 Einwendungen gegen dieſen Antrag können bis zum
8445 6639 9048 6694 Berlin, den 26. Juni 1920.
8684 5473 9349 5529 Bekanntmachung.
8734 6698 9301 6758 Der Reichsarbeitsminiſter.
8802 6752 9240 6809 J. A.: Dr. Wulff.
3904 4401 4074 4450 Seehöhe
3958 4510 4012 4542 m
3962 4580 4028 4618 122
3954 4621 4034 4663 300
3955 4666 4033 4706 500
3931 4707 4034 4751 1000
3932 4751 4030 4793 1500
3935 4798 4031 4838 1840
3918 4839 4034 4880 2000
3920 4885 4040 4929 2500
4095 4402 4260 4447 Luftdruck
4138 4511 4217 4542 mm
4125 4571 4241 4621 747,2
4122 4620 4207 4664 732
4128 4666 4204 4705 715
4127 4710 4205 4749 674
4120 4754 4205 4795 635
4126 4798 4200 4836 605
4127 4840 4217 4885 —
4135 4889 4210 4919 —
4320 4381 4617 4428 Temperatur C°
4314 4477 4415 4532 oben
4328 4624 4420 4664 20,8
4331 4666 4416 4707 18,8
4322 4712 4425 4750 16,2
4328 4755 4419 4796 13,2
4330 4798 4417 4840 10,9
4495 4482 4617 4519 unten
4515 4572 4611 4622 24,4
4671 4359 4834 4402 Relative
4669 4404 4837 4450 Feuchtig⸗
4708 4445 4793 4489 keit
4716 4499 4784 4546 %
4723 4566 4782 4620 71
4694 4653 4750 4905 ſchreibt nicht
4751 4655 4801 4909 Hydrograph
4981 4355 5130 4402 Wind
4860 4459 5029 4505 Richtung
4868 4577 4980 4622 SzO
4873 4626 5016 4663 SOzS
4869 4665 5018 4709 SOzS
4864 4710 5007 4754 SSO
4864 4753 5001 4797 SSO
4862 4797 4981 4840 SzO
4861 4842 4978 4888 SzO
4868 4889 4920 4933 S
5048 4433 5251 4474 Geſchwind.
5076 4472 5233 4510 Sekund.⸗
5094 4511 5206 4549 Meter
5130 4577 5163 4624 5
5130 4628 5163 4666 5
5121 4669 5169 4708 6
5125 4712 5163 4751 5
5120 4755 5168 4795 5
5131 4799 5163 4838 5
5124 4840 5164 4884 5
5114 4893 5174 4931 4
3886 5182 4055 5233 Seehöhe
3941 5287 4009 5325 m
3947 5355 4030 5403 122
3950 5403 4027 5444 300
3942 5446 4030 5490 500
3922 5492 4028 5535 1000
3913 5536 4034 5577 1500
3917 5580 4026 5618 2000
3919 5622 4024 5664 2500
3922 5666 4027 5708 3000
3913 5711 4019 5749 3500
3917 5751 4027 5797 3530
4086 5181 4257 5233 Luftdruck
4125 5293 4208 5324 mm
4112 5358 4232 5403 746,7
4118 5406 4192 5444 731
4116 5449 4195 5487 714
4109 5489 4196 5531 672
4114 5536 4195 5576 634
4112 5577 4192 5620 597
4111 5621 4194 5662 563
4112 5667 4193 5706 528
4113 5709 4193 5748 497
4109 5753 4196 5794 495
4297 5174 4607 5220 Temperatur C°
4307 5248 4414 5311 oben
4314 5399 4412 5445 18,9
4322 5445 4409 5492 17,8
4317 5491 4412 5536 15,4
4317 5535 4407 5575 13,3
4318 5577 4414 5624 11,0
4340 5620 4409 5664 7,5
4330 5666 4415 5710 5,0
4343 5709 4408 5751 1,5
4337 5753 4409 5797 1,4
4494 5262 4605 5306 unten
4510 5356 4597 5406 17,8
4479 5706 4624 5758 17,8
4663 5139 4834 5185 Relative
4666 5186 4831 5233 Feuchtig⸗
4700 5231 4784 5274 keit
4712 5282 4771 5330 %
4713 5359 4774 5403 94
4713 5405 4770 5446 95
4706 5446 4776 5490 90
4715 5492 4764 5534 88
4710 5536 4771 5577 90
4707 5579 4769 5621 90
4703 5622 4771 5664 90
4702 5667 4773 5709 55
4700 5710 4774 5752 55
4708 5755 4766 5796 55
4983 5140 5111 5190 Wind
4851 5237 5025 5287 Richtung
4854 5355 4949 5404 NO
4860 5404 4960 5449 OzN
4856 5451 4966 5494 OzN
4855 5495 4971 5539 OzN
4861 5537 4949 5579 SO
4856 5582 4952 5624 SO
4853 5624 4991 5669 OSO
4862 5667 4982 5711 OSO
4853 5711 4998 5757 OSO
4852 5757 4989 5799 OSO
5047 5200 5234 5239 Geſchwind
5060 5239 5221 5277 Sekund.⸗
5082 5277 5200 5320 Meter
5135 5362 5168 5407 6
5131 5408 5167 5446 6
5117 5452 5165 5491 10
5134 5496 5162 5539 8
5133 5541 5165 5583 8
5111 5587 5167 5627 10
5112 5630 5164 5669 10
5104 5673 5171 5713 10
5108 5718 5165 5757 12
5112 5758 5162 5804 12
