10760 8016
2165 755 3815 813 Reichs⸗ und Staatsanzeiger Nr. 202 vom 1. September 1939. S. 2
1092 963 2062 1043 Amtliche Spielbedingungen.
979 1071 2260 1120 Für das Rechtsverhältnis zwiſchen den Spielern und der Deutſchen
888 1115 2264 1162 Reichslotterie ſind der Gewinnplan und die nachſtehenden Spielbedin⸗
886 1164 2256 1210 gungen maßgebend. Die Loſe werden durch die Staatlichen Lotterie⸗
884 1206 2258 1256 Einnehmer verkauft. Vereinbarungen zwiſchen Spielern und St. L.⸗
885 1252 2259 1302 Einnehmern, die von den amtlichen Spielbedingungen abweichen, ver⸗
884 1297 2257 1346 pflichten die Deutſche Reichslotterie nicht. Die Deutſche Reichslotterie
883 1342 2259 1391 kann gegenüber dem Spieler alle Rechte geltend machen, die dem
886 1387 2259 1438 St. L.⸗Einnehmer aus dem Verkauf des Loſes gegen den Inhaber
883 1432 2259 1482 zuſtehen. Von Gemeinſchaftsſpielen nimmt die Deutſche Reichslotterie
884 1477 1187 1516 keine Kenntnis.
970 1545 2256 1596 Der Preis iſt Zug um Zug gegen Aushändigung des
882 1589 2256 1641 Loſes zu entrichten. Der Lospreis iſt der Losvorderſeite aufgedruckt,
883 1636 2257 1684 ein Verkauf der Loſe über oder unter dieſem Preis iſt den St. L.⸗
882 1680 1322 1725 Einnehmern verboten.
970 1748 2256 1799 Ein Anſpruch auf Verabfolgung von Loſen beſtimmter
881 1791 1963 1843 Nummern zur 1. Klaſſe einer Lotterie beſteht nicht.
972 1851 2252 1899 Beſchwerden ſind ausſchließlich an den Präſidenten der
883 1893 1725 1944 Deutſchen Reichslotterie zu richten.
969 1952 2254 2001 Der Verkauf von Loſen der Deutſchen Reichslotterie an Juden
883 1996 2253 2047 im Sinne des Reichsbürgergeſetzes iſt verboten; Gewinne werden
880 2043 1394 2091 an dieſe nicht ausgezahlt.
1471 2148 1714 2195 § 1. Loſe
972 2212 2253 2261 I. Die Loſe lauten auf den Inhaber. Es werden 1,2 Millio⸗
879 2259 2252 2307 nen Loſe in drei Abteilungen von je 400 000 Nummern ausgegeben.
878 2303 2253 2354 Jedes Los trägt die Abteilungsbezeichnung I, II oder III und eine der
879 2349 2252 2396 Nummern von 1 bis 400 000. Die Loſe ſind in ganze, Viertel⸗ und
878 2394 2254 2441 Achtelloſe eingeteilt; die Viertelloſe ſind neben der Losnummer mit den
881 2439 2252 2490 Buchſtaben A, B, C, D, die Achtelloſe mit a, b, c, d, e, f, g, h bezeichnet.
972 2518 2253 2568 II. Jedes Los trägt die gedruckte Namensunterſchrift des Präſi⸗
878 2563 2254 2619 denten der Deutſchen Reichslotterie und den geſtempelten oder gedruck⸗
878 2610 2249 2659 ten Namenszug des zuſtändigen St. L.⸗Einnehmers. Erſt durch
878 2655 2252 2704 dieſe Unterſchrift des St. L.⸗Einnehmers erhält das Los
879 2700 1261 2747 ſeine Gültigkeit.
970 2778 2251 2827 III. Die St. L.⸗Einnehmer der Freien Stadt Danzig ſind er⸗
875 2824 2251 2875 mächtigt, an Stelle der zu ihren Vertrieben gehörenden Loſe, die bei der
876 2870 2249 2920 Deutſchen Reichslotterie hinterlegt ſind, Kaufſcheine auszugeben.
875 2914 2249 2966 Jeder Kaufſchein muß den geſtempelten oder gedruckten Namenszug
879 2961 1700 3011 des Danziger St. L.⸗Einnehmers tragen.
1395 3065 1727 3112 § 2. Ziehung
967 3129 2247 3179 I. Es werden zwei Ziehungsräder benutzt, das Nummernrad und
873 3175 2247 3225 das Gewinnrad. Vor Beginn der Ziehung 1. Klaſſe werden für die
872 3218 2248 3270 ganze Lotterie die Röllchen mit den aufgedruckten Nummern 1 bis
871 3268 2247 3316 400 000 in das Nummernrad geſchüttet. Vor Beginn der Ziehung
871 3311 2247 3359 jeder Klaſſe werden die Gewinnröllchen mit dem Aufdruck der plan⸗
870 3357 2247 3405 mäßigen Gewinne dieſer Klaſſe in das Gewinnrad eingeſchüttet. Das
871 3402 2246 3452 Einſchütten und Miſchen der Röllchen ſowie die Ziehungen finden
871 3448 2246 3495 öffentlich im Ziehungsſaal der Deutſchen Reichslotterie in Berlin
869 3494 2244 3539 unter amtlicher Auſſicht ſtatt. Auf jede aus dem Nummernrad
870 3539 2245 3587 gezogene Nummer entfällt je in den Abteilungen I, II und III der⸗
868 3583 2245 3631 jenige Gewinn, der dem gleichzeitig aus dem Gewinnrad entnommenen
871 3628 2245 3677 Röllchen aufgedruckt iſt. In jeder Klaſſe werden ſo viele Nummern
865 3676 2243 3723 gezogen, wie Gewinnröllchen in das Gewinnrad eingeſchüttet ſind.
863 3718 2243 3769 Damit fallen in jeder Klaſſe auf drei Losabteilungen ſo viele Gewinne,
870 3764 2244 3812 wie im Plan für dieſe Klaſſe vorgeſehen ſind. Die am Schluß der
869 3808 2244 3858 5. Klaſſe im Nummernrad zurückbleibenden Nummern ſind Nieten.
966 3888 2243 3937 II. Ueber die Gültigkeit einer Ziehung entſcheidet unter Ausſchluß
862 3933 2244 3983 des Rechtsweges der Präſident der Deutſchen Reichslotterie und auf
869 3977 2244 4028 Beſchwerde gegen ſeinen Entſcheid endgültig der Reichsminiſter der
864 4019 1067 4070 Finanzen.
963 4096 2243 4156 III. Die Prämie wird dem höchſten Gewinn des letzten Ziehungs⸗
872 4147 2242 4198 tages der Schlußklaſſe zugeſchlagen, von mehreren höchſten Gewinnen
874 4192 1685 4243 gleichen Betrages dem zuerſt gezogenen.
961 4270 2242 4321 IV. Nach der Ziehung gibt die Deutſche Reichslotterie eine
868 4315 2242 4368 Amtliche Gewinnliſte heraus, die bei den St. L.⸗Einnehmern un⸗
871 4362 2241 4413 entgeltlich eingeſehen oder zum amtlich feſtgeſetzten Preiſe gekauft
873 4408 2240 4460 werden kann. Andere Gewinnliſten, Ziehungsmeldungen und ſonſtige
871 4451 2076 4506 Nachrichten begründen keinen Anſpruch auf Gewinnzahlung.
959 4530 2239 4584 V. Ein im Laufe der Lotterie gezogenes Los nimmt am
869 4574 2239 4628 Spiel dieſer Lotterie nicht mehr teil. Will der Spieler eines
867 4620 2238 4675 ſolchen Loſes ſich weiterhin am Spiel derſelben Lotterie beteiligen,
866 4665 2238 4719 ſo hat er ein Erſatzlos (Kauflos) zu erwerben. Bei Kaufloſen, die ein
873 4710 2238 4764 Spieler nach der 1. Klaſſe erwirbt, iſt der Lospreis der früheren Klaſſen
875 4756 1177 4802 nachzubezahlen.
1142 4860 1935 4913 § 3. Erneuerung der Klaſſenloſe
958 4926 2234 4980 I. Jedes Klaſſenlos gewährt den Anſpruch auf Teilnahme an der
866 4969 2233 5023 Ziehung und Gewinn nur für die Klaſſe, auf die es lautet. Der
868 5016 2233 5071 Spieler, der ein nichtgezogenes Los in der folgenden Klaſſe weiter⸗
868 5061 2232 5118 ſpielen will, hat Anſpruch auf ein Los gleicher Nummer der folgenden
870 5106 2141 5163 Klaſſe (Erneuerungslos) gegen Zahlung des Klaſſenpreiſes.
958 5186 2230 5243 II. Die Erneuerung der Klaſſenloſe hat ſpäteſtens am 7. Tage vor
867 5230 2230 5288 Beginn der Ziehung der nächſten Klaſſe bis 18 Uhr unter Vorlegung des
867 5276 2230 5332 Vorklaſſenloſes und Bezahlung des neuen Einſatzes zu erfolgen. Ver⸗
866 5321 2229 5377 ſäumt der Spieler dieſe Friſt, ſo verliert er den Anſpruch auf das Er⸗
870 5365 1136 5417 neuerungslos.
958 5445 2227 5503 III. Erhält ein Spieler infolge Verwechſlung der Nummern durch
864 5490 2228 5541 den Einnehmer für die neue Klaſſe irrtümlich ein Los mit einer anderen
863 5535 2227 5593 Nummer als in der Vorklaſſe, ſo wird ihm ſeine urſprünglich geſpielte
864 5581 2227 5638 Losnummer wieder zugeteilt, ſobald der Umtauſch möglich iſt, ſpäteſtens
861 5627 2226 5683 zur nächſten Klaſſe. Solange der Umtauſch nicht ſtattgefunden hat,
861 5672 2227 5728 haben die Inhaber der verwechſelten Losnummern nur Anſpruch auf
863 5717 2226 5778 den Gewinn, der auf die tatſächlich in ihrem Beſitz befindlichen Loſe
863 5761 2228 5815 entfällt. Die Spieler ſind verpflichtet, die verwechſelten Losnummern
860 5807 2227 5861 zum Umtauſch an den St. L.⸗Einnehmer zurückzureichen. Iſt eine der
861 5852 2225 5913 verwechſelten Losnummern bereits gezogen, ſo erhält der urſprüngliche
859 5896 1953 5948 Inhaber dieſes Loſes ein neues Los zum Klaſſenpreis.
1077 6003 2011 6065 § 4. Vorauszahlung und Verwahrung
949 6076 2224 6130 I. Dem Spieler iſt eine Vorauszahlung der Einſätze für eine
858 6121 2224 6175 oder mehrere Klaſſen geſtattet. Der St. L.⸗Einnehmer hat ihm eine
856 6168 2225 6220 Quittung auf rotem Papier oder eine Abrechnung über die Voraus⸗
855 6212 2223 6266 zahlung auszufolgen. Von der Beachtung der planmäßigen Vor⸗
854 6258 2224 6315 ſchriften über Loserneuerung, Gewinneinlöſung oder Verluſtanzeige
855 6304 1534 6352 entbindet die Vorauszahlung nicht.
945 6381 2223 6435 II. Um der Verpflichtung zur Vorlegung des Vorklaſſenloſes
853 6427 2224 6479 enthoben zu ſein, kann es der Spieler gegen einen Gewahrſamſchein
851 6472 2223 6525 auf weißem Papier im Gewahrſam des St. L.⸗Einnehmers laſſen.
850 6517 2222 6572 Der St. L.⸗Einnehmer wird dadurch bei planmäßiger Entrichtung
849 6562 2223 6615 der Einſätze durch den Spieler zur Erneuerung der Loſe und zur Ein⸗
848 6608 2221 6660 ziehung der Gewinne, im Gewinnfall 1. bis 4. Klaſſe auch zum Erwerb
849 6653 2221 6707 eines Kaufloſes für die neue Klaſſe ermächtigt. Eine Verzinſung von
850 6697 1401 6745 Gewinnen findet nicht ſtatt.
939 6766 2219 6821 III. Werden für Gewahrſamloſe Einſätze für mehrere Klaſſen
846 6813 2218 6864 vorausgezahlt, ſo werden Quittung und Gewahrſamſchein auf rotem
849 6856 1242 6904 Papier ausgefertigt.
937 6923 2217 6979 IV. Gegen Rückgabe des Gewahrſamſcheines kann der Spieler
841 6967 2034 7025 jederzeit die Aushändigung der verwahrten Loſe verlangen.
2821 907 3157 953 § 5. Gewinne
2420 971 3703 1024 I. Nur der rechtmäßige Beſitz des vor Ziehung bezahlten
2329 1017 3704 1068 Loſes gewährt den Gewinnanſpruch. Der Inhaber eines Gewinnloſes
2328 1063 3704 1115 kann erſt nach Ablauf von 2 Wochen nach Beendigung der Ziehung der
2328 1107 3704 1162 Klaſſe, auf die das Los lautet, den Anſpruch auf die Gewinnzahlung
2329 1155 3706 1204 erheben. Vermag der St. L.⸗Einnehmer nach Ablauf von 2 Wochen
2329 1200 3704 1250 einen Gewinn von 1000 ℛℳ und darüber nicht ſogleich zu zahlen, ſo
2328 1245 3704 1298 kann ſich der Inhaber des Loſes darüber eine Beſcheinigung erteilen
2327 1290 3703 1340 laſſen und ſie zuſammen mit dem Gewinnlos ſelbſt an die Deutſche
2330 1335 3703 1386 Reichslotterie zur unmittelbaren Auszahlung einreichen. Die Prämien
2328 1377 3700 1432 von 500 000 ℛℳ mit den dazugehörenden Gewinnen und die Haupt⸗
2329 1427 3700 1477 gewinne von 500 000 ℛℳ werden durch die Reichslotteriekaſſe unmit⸗
2329 1472 2656 1518 telbar ausgezahlt.
2415 1549 3699 1602 II. Die Deutſche Reichslotterie iſt nur gegen Uebergabe des
2330 1595 3699 1644 Gewinnloſes zur Zahlung verpflichtet. Das Gewinnlos iſt dem
2324 1641 3699 1692 zuſtändigen St. L.⸗Einnehmer zur Einlöſung zu übergeben. Zu einer
2327 1686 3697 1736 Prüfung der Berechtigung des Inhabers des Loſes iſt die Deutſche
2324 1730 3697 1784 Reichslotterie nicht verpflichtet. Sie iſt aber befugt, die Gewinnzahlung
2322 1776 3697 1825 vorläufig auszuſetzen, wenn erhebliche Bedenken beſtehen, ob der
2320 1821 3311 1874 Inhaber zur Verfügung über das Los berechtigt iſt.
2413 1901 3695 1950 III. Die im Gewinnplan verzeichneten Gewinne werden unter
2322 1947 2852 1994 Abzug von 20 % ausgezahlt.
2412 2026 3693 2074 IV. Der Gewinnanſpruch erliſcht mit Ablauf von 4 Monaten
2317 2069 3693 2122 nach dem letzten Ziehungstage der Klaſſe, in der das Los gezogen
2323 2119 2525 2155 worden iſt.
2412 2197 3692 2244 V. Wenn ein Los abhanden gekommen iſt, ſo hat der
2325 2242 3690 2291 Spieler den Verluſt dem zuſtändigen St. L.⸗Einnehmer unverzüglich
2322 2288 3691 2336 unter genauer Bezeichnung des Loſes ſchriftlich anzuzeigen. Der
2326 2334 3690 2381 Gewinn auf ein abhanden gekommenes Los kann nach den für
2324 2378 3689 2426 dieſen Fall dem St. L.⸗Einnehmer gegebenen Dienſtvorſchriften bis
2323 2423 3688 2473 5 Monate nach Ablauf der Klaſſe, in der das Los gezogen wurde,
2324 2469 2675 2515 ausgezahlt werden.
2750 2567 3197 2622 § 6. Poſtgebühren
2409 2636 3676 2686 I. Der Spieler hat im Geſchäftsverkehr mit dem St. L.⸗Ein
2321 2685 3000 2731 nehmer alle Poſtgebühren zu tragen.
2407 2751 3687 2800 II. Beſondere Poſtgebühren, wie Einſchreib⸗ und Nachnahme⸗
2319 2797 3687 2847 koſten, die durch den Spieler veranlaßt werden, hat dieſer zuſätzlich zu
2318 2851 2441 2888 tragen.
2405 2909 3686 2959 III. Wünſcht der Spieler die Zuſendung der Loſe und Gewinn⸗
2316 2956 3686 3007 liſten durch die Poſt, ſo hat er für jede Klaſſe einen Pauſchbetrag von
2318 3002 3685 3050 0,23 ℛℳ im Ortsverkehr und von 0,28 ℛℳ im Fernverkehr zu ent⸗
2315 3046 3683 3096 richten. Dadurch ſind die Koſten des gewöhnlichen Geſchäftsverkehrs,
2315 3092 3685 3140 auch wenn mehrere Loſe oder Losabſchnitte von einer Staatlichen
2317 3138 3683 3188 Lotterie⸗Einnahme bezogen werden, abgegolten. Der Betrag wird zu
2313 3182 3681 3232 jeder Klaſſe angefordert, kann aber auch für alle Klaſſen im voraus
2314 3228 2608 3273 bezahlt werden.
2403 3303 3335 3359 Berlin W 35, Viktoriaſtraße 29, 1. Auguſt 1939.
2348 3388 3638 3460 Der Präſident der Deutſchen Reichslotterie.
2491 3474 3495 3528 Mit der Wahrnehmung der Geſchäfte beauftragt:
2851 3536 3052 3582 v. Dazur.
2747 3730 3162 3787 Anordnung 54
2362 3796 3619 3850 der Reichsſtelle für Lederwirtſchaft (Ergänzung der An⸗
2815 3849 3096 3899 ordnung 52).
2685 3922 3240 3975 Vom 1. September 1939.
2412 3991 3679 4054 Auf Grund der Verordnung über den Warenverkehr in
2313 4044 3674 4099 der Faſſung der Bekanntmachung vom 18. Auguſt 1939
2314 4098 3672 4150 (Reichsgeſetzblatt I S. 1430) in Verbindung mit der Ver⸗
2312 4148 3672 4201 ordnung über die Errichtung von Ueberwachungsſtellen vom
2310 4200 3672 4252 4. September 1934 (Deutſcher Reichsanzeiger und Preußiſcher
2313 4252 3671 4303 Staatsanzeiger Nr. 209 vom 7. September 1934) und in
2311 4302 3671 4356 Verbindung mit der Bekanntmachung über die Reichsſtellen
2313 4354 3670 4407 zur Ueberwachung und Regelung des Warenverkehrs vom
2313 4405 3670 4457 18. Auguſt 1939 (Deutſcher Reichsanzeiger und Preußiſcher
2312 4456 3668 4510 Staatsanzeiger Nr. 192 vom 21. Auguſt 1939) wird mit
2309 4508 3668 4562 Zuſtimmung des Reichswirtſchaftsminiſters in Abänderung
2311 4558 3668 4613 und Ergänzung der Anordnung 52 (Lieferung von Leder zur
2307 4610 3667 4665 Ausbeſſerung von Schuhwerk — Deutſcher Reichsanzeiger
2308 4661 3667 4717 und Preußiſcher Staatsanzeiger Nr. 198 vom 28. Auguſt
2310 4713 2744 4763 1939 —) angeordnet:
2852 4778 3051 4822 Artikel I.
2398 4843 3665 4905 Der in § 1 der Anordnung 52 genannte Vomhundertſatz
2305 4899 3516 4955 für Unterleder wird von 50 auf 80 v. H. heraufgeſetzt.
2842 4982 3054 5026 Artikel II
2910 5056 2981 5106 § 1
2400 5113 3665 5170 (1) Wer Leder zur Beſohlung von Schuhen verkauft, darf
2302 5167 3665 5224 Unterleder an nichtgewerbliche Verbraucher insgeſamt nur
2298 5218 3664 5274 in Höhe von 80 v. H. derjenigen Menge monatlich abgeben,
2299 5269 3663 5324 die er im Monatsdurchſchnitt des Jahres 1938 an ſolche Ver⸗
2299 5320 2791 5370 braucher abgegeben hat.
2397 5372 3663 5427 (2) Die Ledermengen ſollen auf die einzelnen Verbraucher
2294 5422 3663 5480 möglichſt im Verhältnis ihrer Bezüge im Jahre 1938 verteilt
2298 5481 2454 5516 werden.
2395 5531 3661 5594 (3) Die Bezugsſcheinpflicht für Leder zur Beſohlung von
2296 5586 2846 5639 Schuhen bleibt unberührt.
2909 5651 2981 5701 § 2
2390 5722 3659 5782 Zuwiderhandlungen gegen dieſe Anordnung werden nach
2291 5774 3658 5831 den §§ 12 — 15 der Verordnung über den Warenverkehr be⸗
2287 5823 2408 5882 ſtraft.
2831 5888 3059 5936 Artikel III
2383 5961 3654 6020 Dieſe Anordnung tritt am 1. September 1939 in Kraft.
2294 6013 3652 6071 Sie gilt auch in der Oſtmark und im Reichsgau Sudetenland.
2388 6086 3068 6138 Berlin, den 1. September 1939.
2484 6160 3423 6218 Der Reichsbeauftragte für Lederwirtſchaft.
2720 6222 3164 6267 von der Decken.
2702 6412 3200 6469 Bekanntmachung.
2386 6473 3650 6532 Die am 26. Auguſt 1939 ausgegebene Nummer 147 des
2287 6526 3000 6581 Reichsgeſetzblatts, Teil I, enthält:
2373 6587 3645 6636 Verordnung über das Sonderſtrafrecht im Kriege und bei
2288 6632 3650 6692 beſonderem Einſatz (Kriegsſonderſtrafrechtsverordnung). Vom
2287 6686 2608 6733 17. Auguſt 1938.
2371 6742 3644 6797 Verordnung über das militäriſche Strafverfahren im Kriege
2282 6787 3651 6843 und bei beſonderem Einſatz (Kriegsſtrafverfahrensordnung —
2282 6831 2948 6883 KStVO.). Vom 17. Auguſt 1938.
2368 6889 3645 6937 Erſte Verordnung zur Durchführung der Verordnung über
2281 6934 3646 6988 das militäriſche Strafverfahren im Kriege und bei beſonderem
2282 6979 2978 7030 Einſatz. Vom 19. September 1938.
3861 913 5138 967 Zweite Verordnung zur Durchführung und Ergänzung der
3774 960 5138 1012 Verordnung über das militäriſche Strafverfahren im Kriege und
3773 1006 4817 1054 bei beſonderem Einſatz. Vom 26. September 1938.
3861 1075 5137 1126 Dritte Verordnung zur Durchführung und Ergänzung der
3774 1121 5136 1172 Verordnung über das militäriſche Strafverfahren im Kriege und
3773 1165 4757 1216 bei beſonderem Einſatz. Vom 11. Auguſt 1939.
3860 1233 5136 1286 Verordnung über das Inkrafttreten der Verordnung über
3771 1275 5135 1330 das Sonderſtrafrecht im Kriege und bei beſonderem Einſatz und
3768 1324 5133 1376 der Verordnung über das militäriſche Strafverfahren im Kriege
3769 1369 4851 1419 und bei beſonderem Einſatz. Vom 26. Auguſt 1939.
3858 1427 5138 1478 Umfang: 3 ½ Bogen. Verkaufspreis 0,60 ℛℳ Poſtverſen⸗
3771 1467 5138 1524 dungsgebühren: 0,08 ℛℳ für ein Stück bei Voreinſendung auf
3772 1517 4524 1564 unſer Poſtſcheckkonto: Berlin 96 200.
3869 1585 4767 1639 Berlin NW 40, den 1. September 1939.
4053 1658 4833 1713 Reichsverlagsamt. Dr. Hubrich.
4197 1809 4711 1875 Bekanntmachung.
3863 1876 5127 1933 Die am 31. Auguſt 1939 ausgegebene Nummer 154 des
3763 1925 4500 1980 Reichsgeſetzblatts, Teil I, enthält:
3851 2002 5127 2054 Erlaß des Führers über die Bildung eines Miniſterrats für
3763 2046 4743 2097 die Reichsverteidigung. Vom 30. Auguſt 1939.
3849 2115 5125 2169 Zweite Verordnung zur Ausführung des Perſonenſtands⸗
3764 2161 4413 2209 geſetzes. Vom 30. Auguſt 1939.
3850 2229 5127 2283 Fünfte Durchführungsverordnung zur Verordnung zur vor⸗
3762 2275 5126 2328 läufigen Sicherſtellung des lebenswichtigen Bedarfs des deutſchen
3764 2322 4406 2370 Volkes. Vom 31. Auguſt 1939.
3849 2390 5125 2444 Bekanntmachung von Bedarfsſtellen außerhalb der Wehrmacht,
3760 2433 5127 2489 die zur Inanſpruchnahme von Leiſtungen nach dem Wehrleiſtungs⸗
3758 2483 4670 2531 geſetz berechtigt ſind. Vom 30. Auguſt 1939.
3844 2551 5121 2604 Umfang: 1 Bogen. Verkaufspreis: 0,15 ℛℳ. Poſtverſen⸗
3756 2599 5121 2650 dungsgebühren: 0,04 ℛℳ für ein Stück bei Voreinſendung auf
3756 2645 4497 2690 unſer Poſtſcheckkonto: Berlin 96 200.
3854 2712 4719 2766 Berlin NW 40, den 1. September 1939.
4039 2786 4833 2841 Reichsverlagsamt. Dr. Hubrich.
4213 2985 4661 3057 Preußen.
4188 3077 4695 3138 Bekanntmachung.
3849 3143 5112 3202 Auf Grund des Erlaſſes des Reichsführers 'SS' und Chefs
3746 3193 5113 3253 der Deutſchen Polizei im Reichsminiſterium des Innern in
3747 3245 5111 3302 Berlin vom 30. Oktober 1938 — S — PP (II B)
3747 3297 5114 3354 Nr. 7282/38 — und auf Grund des Geſetzes über die Ein⸗
3744 3348 5112 3408 ziehung volks⸗ und ſtaatsfeindlichen Vermögens vom
3747 3399 5113 3462 14. Juli 1933 — RGBl. I S. 479 — in Verbindung mit
3744 3450 5111 3510 dem Geſetz über die Einziehung kommuniſtiſchen Vermögens
3744 3503 5112 3560 vom 26. Mai 1933 — RGBl. I S. 293 — wird das geſamte
3745 3553 5111 3611 Vermögen der Sekte Möttlinger⸗Bewegung (auch Möttlinger⸗
3745 3605 5113 3662 Gemeinſchaft, Möttlinger⸗Bund u. ä. genannt) nebſt dem Ver⸗
3744 3656 5113 3714 mögen der Rettungsarche G. m. b. H. im Regierungsbezirk
3745 3707 5113 3765 Wiesbaden hiermit zugunſten des Landes Preußen eingezogen.
3840 3759 5108 3816 Dies wird an Stelle einer Zuſtellung amtlich bekannt⸗
3743 3813 3919 3861 gemacht.
3843 3884 4595 3940 Wiesbaden, den 28. Auguſt 1939.
4139 3960 4708 4012 Der Regierungspräſident.
4142 4021 4703 4075 J. A.: Dr. Schilling.
4038 4239 4794 4334 Nichtamtliches.
3838 4363 5103 4420 Der Türkiſche Geſchäftsträger in Berlin, Herr Rifki
3734 4413 5103 4471 Refik Paſin, hat Berlin aus Anlaß ſeiner Ernennung zum
3735 4465 5101 4521 Generalkonſul in Beirut am 26. Auguſt d. J. verlaſſen. Bis
3725 4517 5102 4573 zur Ankunft des neuen Botſchafters oder Botſchaftsrats führt
3729 4566 5101 4625 der I. Botſchaftsſekretär Herr Galib Evcen die Geſchäfte
3734 4618 4030 4672 der Botſchaft.
3835 4772 5097 4829 Der Königlich Norwegiſche Geſandte in Berlin, Herr
3730 4823 5096 4880 A. Scheel, iſt nach Berlin zurückgekehrt und hat die
3730 4874 4805 4929 Leitung der Geſandtſchaft wieder übernommen.
3825 5040 5102 5089 Nummer 35 des Miniſterial⸗Blatts des Reichs⸗ und Preußi⸗
3731 5083 5102 5135 ſchen Miniſteriums des Innern vom 30. Auguſt 1939 hat fol⸗
3739 5131 5095 5181 genden Inhalt: Allgemeine Verwaltung. RdErl.
3731 5175 5104 5225 21. 8. 39, Beurlaubg. v. Beamten, Behördenangeſt. u. ⸗arbeitern
3732 5221 5102 5274 z. Durchf. d. WHW. — RdErl. 24. 8. 39, Bezeichng. d. Stellen in
3728 5266 5100 5316 d. Stellen⸗ u. Haushaltsplänen f. d. Jahr 1940. — RdErl. 24. 8.
3729 5311 5101 5362 1993, Sonderurlaub z. Teilnahme an d. Großdt. Führertag. d.
3730 5354 5101 5408 RLB. — RdErl. 25. 8. 39, Gewährg. v. Notſtandsbeih. — Kom⸗
3729 5401 5112 5456 munalverbände. RdErl. 21. 8. 39, Kommunalpolit. Schulg.
3723 5445 5106 5498 — RdErl. 22. 8. 39, Steuerfreiheit f. d. mit d. Neuordng. d.
3733 5490 5099 5541 Dampfkeſſelüberwachungsweſens zuſammenhängenden Rechtsvor⸗
3725 5532 5104 5582 gänge. — RdErl. 22. 8. 39, Steuerfordergn. gegen Ausländer. —
3723 5581 5100 5634 RdErl. 23. 8. 39, Kraftfahrz.⸗Steuerverteilgn. — Polizeiver⸗
3724 5628 5099 5677 waltung. RdErl. 21. 8. 39, Polizeil. Behandlg. d. auf Reichs⸗
3724 5674 5099 5723 autobahnen gefundenen Sachen. — RdErl. 21. 8. 39, Eheſchei⸗
3720 5719 5097 5766 dungsangelegenh. v. SS⸗Angeh. in d. Pol. — RdErl. 24. 8. 39,
3723 5763 5096 5813 Gebührenerhebg. bei Ausſtellg. v. polizeil. Beſcheinign. z. Zwecke
3719 5809 5097 5859 d. Umtauſchs v. Reichsbankanteilen. — RdErl. 23. 8. 39, Koſten
3723 5855 5096 5905 aus Anlaß d. Geſtellg. v. Trauerparaden. — RdErl. 21. 8. 39,
3720 5900 5094 5948 Kraftfahrtechn. Ausbildg. d. Perſonals d. Zulaſſungsſtellen f.
3723 5945 5094 5993 Kraftfahrz. — RdErl. 22. 8. 39, Munition f. d. Ordn.⸗ u. Krim.⸗
3722 5991 5102 6039 Pol. — RdErl. 24. 8. 39, SS⸗Pol.⸗Degen f. d. OrdnPol. —
3719 6037 5094 6086 RdErl. 25. 8. 39, Handgranatenwerfen d. OrdnPol. — RdErl.
3719 6083 5093 6130 24. 8. 39 Hinweisſchilder im Luftſchutz; Nr. 78 d. Schutzraumbeſt.
3719 6128 5094 6174 (Normbl. DIN 4063). — Verkehrsweſen. RdErl. 22. 8. 39,
3717 6173 5092 6220 Perſonenbeförderg. auf Laſtkraftwagen beim NSFK. — Wehr⸗
3720 6218 5092 6267 angelegenheiten. RdErl. 23. 8. 39, Bearbeitg. d. Zurück⸗
3718 6263 5090 6312 ſtellungsanträge auf Grund d. § 5 d. Uebungs⸗VO. durch d.
3713 6309 5090 6355 Kreispol.⸗Behörden. — Vermeſſungs⸗ u. Grenzſachen.
3713 6352 5108 6403 Eintragn. in d. Liſte d. Oeffentl. beſtellt. Vermeſſungs⸗Ing. —
3714 6400 5092 6449 Volksgeſundheit. RdErl. 23. 8. 39, Ehrenkreuz d. Dt.
3712 6444 5088 6495 Mutter. — RdErl. 23. 8. 39, Verrechng. v. Beſchäftigungsvergütg.
3712 6490 5089 6538 — Uebertragb. Krankh. d. 31. Woche. — Veterinärver⸗
3715 6535 5087 6582 waltung. RdErl. 21. 8. 39, Maul⸗ u. Klauenſeuche⸗Rekon⸗
3715 6580 5087 6629 valeſzentenſerum. — RdErl. 22. 8. 39, Einfuhr v. unbearbeiteten
3710 6625 5087 6679 Federn aus d. Oſt⸗ und Südoſtſtaaten. — Verſchiedenes.
3706 6672 5088 6720 Handſchriftl. Berichtig. — Neuerſcheinungen. — Zu be⸗
3706 6715 5087 6766 ziehen durch alle Poſtanſtalten. Carl Heymanns Verlag Berlin
3709 6762 5086 6811 W 8, Mauerſtr. 44. Vierteljährlich 1,85 ℛℳ für Ausgabe A
3706 6805 5086 6858 (zweiſeitig bedruckt) und 2,40 ℛℳ für Ausgabe B (einſeitig
3702 6852 3899 6901 bedruckt).
7072 747 8713 801 Reichs⸗ und Staatsanzeiger Nr. 202 vom 1. September 1939. S. 3
6560 962 7873 1116 Handelsteil.
5959 1239 7044 1326 Die Sicherung unſerer
6218 1331 6780 1416 Ernährung.
5896 1440 7081 1501 Was kann unſere Landwirtſchaft leiſten?
5897 1516 7176 1565 „So wie der Führer nur Deutſchland ſieht“, ſo erklärte der
5816 1563 7179 1610 Reichsbauernführer auf dem 6. Reichsbauerntag in Goslar vor
5815 1606 7180 1654 den deutſchen Bauern, „wollen auch wir nur Deutſchland ſehen
5814 1649 7178 1699 und deshalb zum fünften Male zur Erzeugungsſchlacht antreten.
5809 1694 7173 1749 Ich weiß, daß dieſer Angriffsbefehl an alle Frontſoldaten der Er⸗
5802 1738 7180 1790 zeugungsſchlacht ergeht, die ſich keinerlei Illuſionen hingeben über
5812 1783 7180 1836 die Schwierigkeiten, die ihnen entgegentreten werden.“ Damit
5813 1829 7178 1879 ſtellte er nicht nur dem deutſchen Bauern das Zeugnis der
5811 1874 7179 1923 politiſchen Reife aus, ſondern ſchnitt gleichzeitig die brennendſten
5813 1917 7094 1969 Grundfragen des Aufbaus und der Zukunft des Reiches an.
5901 1974 7181 2026 Die bitteren Erfahrungen der Nachkriegszeit haben das deutſche
5812 2020 7180 2070 Volk gelehrt, daß niemand ihm hilft, wenn es ſich nicht ſelbſt zu
5811 2065 7179 2114 helfen weiß; nichts anderes als eine zwingende Folgerung hieraus
5811 2110 7179 2159 iſt es, wenn mit der durch den Sieg der nationalſozialiſtiſchen
5813 2154 7181 2206 Revolution wachſenden Selbſtbeſinnung des deutſchen Volkes auf
5812 2200 7181 2250 ſeine ureigenen Kräfte eine nationalſozialiſtiſche Bauernpolitik die
5813 2244 7181 2293 Grundpfeiler für den Neubau des Reiches errichtete. Durch ſie
5812 2290 7180 2336 wurde die deutſche Nahrungsfreiheit geſichert, eine unerläßliche
5811 2335 6948 2381 Vorausſetzung für die politiſche Freiheit Deutſchlands.
5898 2387 7181 2437 Die Erfolge der deutſchen Landwirtſchaft nach Beginn der
5810 2435 7181 2482 Erzeugungsſchlacht ſind unbeſtritten. Ihre Leiſtungen ſind um ſo
5808 2481 7182 2527 bedeutſamer, als ſie aus einem völligen Zuſammenbruch entſtanden
5811 2525 7182 2572 ſind. Die Tatſache, daß Deutſchland ſich gegenwärtig noch weit
5809 2570 7181 2616 mehr als in der Vorkriegszeit mit Nahrungsmitteln ſelbſt zu ver⸗
5812 2615 7181 2662 ſorgen vermag (1937/38 zu 82 %), ſtellt eine nicht genügend
5809 2660 7182 2706 beachtete Leiſtung der deutſchen Landwirtſchaft dar, ſo daß die
5810 2705 7183 2751 Arbeit des Landvolkes einen noch viel höheren politiſchen Sinn
5811 2749 7180 2796 erhält, als er ihr ohnehin zukommt. Man bedenke, daß Deutſch⸗
5811 2796 7182 2842 land auf Grund des Verſailler Diktats 14 % der landwirtſchaft⸗
5811 2841 7182 2887 lichen Nutzfläche, 17 % der Kartoffelanbaufläche, 18 % der
5811 2886 7182 2932 Roggenanbaufläche verloren hatte; der Viehbeſtand war erheblich
5807 2929 7183 2977 zuſammengeſchrumpft, Milchmenge, Schlachtgewicht, alſo die
5804 2975 7184 3022 Leiſtungen des Viehſtapels, geſunken, und die Hektarerträge lagen
5811 3017 7183 3072 im Durchſchnitt der Jahre 1920 — 24 teilweiſe 20 — 30 % unter
5811 3065 7183 3112 dem Stand der Jahre 1909 — 13. Neu⸗ und Erſatzinveſtitionen in
5811 3109 7184 3157 Maſchinen und Gebäuden konnten bis weit in die Nachkriegszeit
5812 3154 7182 3203 überhaupt nicht vorgenommen werden. Dazu kommt, daß wir,
5811 3200 7182 3246 bezogen auf das Altreich, 5 Millionen Vollverbraucher mehr ge⸗
5812 3245 7182 3292 worden. Und trotzdem ſchlug der Führer ſchon auf dem letzten
5812 3289 7183 3336 Parteitag der Welt die Waffe der Nahrungsmittelblockade aus der
5812 3333 7190 3384 Hand, uns alle hellhörig machend für die Fragen der Ernährungs⸗
5815 3378 7185 3429 ſicherung mit ihren Hauptſtützen der Marktordnung, der nationalen
5813 3423 7184 3472 Vorratswirtſchaft und, nicht zuletzt, dem Potential der Erzeugung.
5903 3479 7185 3525 Das Erzeugungspotential iſt das letzten Endes entſcheidende
5815 3523 7185 3570 Kriterium für den nachhaltigen Wirkungsgrad der deutſchen Land⸗
5814 3568 7185 3615 wirtſchaft, der ſeinerſeits die Stärke der Ernährungsſicherung
5814 3614 7185 3660 zum Ausdruck bringt. Für die Beurteilung kommt hierbei nicht
5811 3656 7180 3706 dieſes oder jenes Erntejahr in Frage, denn die Witterung kann
5815 3702 7185 3752 einen Strich durch alle Rechnungen machen; wohl aber zeigt das
5813 3747 7187 3796 Mittel einer Reihe von Jahren das Erzeugungspotential, deſſen
5814 3791 7186 3841 Bedeutung in der Nachhaltigkeit und Dauer ſeines Wirkens beſteht.
5814 3836 7185 3886 Das findet ſeinen ſinnvollſten Ausdruck durch die Beziehung des
5815 3881 7186 3930 Produktionsvolumens auf die Flächeneinheit. Während die
5815 3926 7187 3974 Geſamterzeugung der deutſchen Landwirtſchaft von 1880 auf
5815 3970 7186 4020 1937/38 um 87 % geſtiegen iſt, konnte die Produktion je Flächen⸗
5815 4014 7186 4062 einheit im gleichen Zeitabſchnitte um 132 % erhöht werden. Auch
5812 4055 7187 4106 in der kurzfriſtigen Entwicklung zeigt ſich, daß das Ernährungs⸗
5814 4102 7184 4151 potential geſund iſt und ſteigt; das erkennt man am umfaſſendſten
7249 1226 8623 1279 am Mengenindex der landwirtſchaftlichen Produktion, der aus der
7249 1271 8623 1327 nachfolgenden Tabelle für die Jahre von 1933 bis 1938 zu er⸗
7243 1321 7429 1363 ſehen iſt:
7254 1923 8628 1971 Die landwirtſchaftliche Produktion liegt demnach mengenmäßig
7254 1965 8625 2020 um 17 v. H. über dem Durchſchnitt der Wirtſchaftsjahre
7256 2014 8626 2063 1927/28 und 1928/29, nach Abzug der eingeführten Futter⸗
7253 2060 8628 2110 mittel ſogar um 27 v. H., Dieſe Zahl dokumentiert, den erforder⸗
7254 2106 8629 2154 lichen Arbeitseinſatz vorausgeſetzt, die Hauptſtärke unſerer ernährungs⸗
7255 2150 8630 2200 wirtſchaftlichen Sicherung. Heute erzeugt ein Menſch auf 2,1 ha
7256 2195 8629 2254 ſoviel wie 2,7 Menſchen in der Landwirtſchaft auf 4,9 ha
7255 2240 8630 2291 im Jahre 1880! Die volkswirtſchaftliche Bedeutung dieſer Ent⸗
7255 2285 8630 2336 wicklung beſteht darin, daß es trotz Verminderung der landwirtſchaft⸗
7254 2330 8630 2380 lichen Nutzfläche, trotz Verdoppelung der Zahl der ſtädtiſchen Ver⸗
7254 2376 8630 2424 braucher und trotz Abnahme der landwirtſchaftlichen Berufszugehöri⸗
7256 2421 8629 2473 gen gelungen iſt, die Selbſtverſorgung mit Nahrungsmitteln zu erhöhen:
7256 2467 8626 2515 Anteil der Inlandserzeugung am Geſamtverbrauch von Nahrungs⸗
7777 2514 8094 2557 mitteln in v. H.
7257 3099 8630 3150 Die ſteigenden Hackfruchternten wirkten ſich in zunehmendem Maße
7259 3145 8632 3196 günſtig auf die wirtſchaftseigene Futtergrundlage aus, die noch weſent⸗
7257 3190 8627 3241 lich geſteigert wurde durch die ergiebige Heuernte, welche von 26,4
7257 3235 8631 3285 Mill. t im Jahre 1934/35 auf 37,6 Mill. t im Jahre 1937/38 geſtiegen
7257 3280 8632 3330 iſt. Mit der Verbeſſerung der Futtergrundlage iſt der Weg zu ſteigender
7261 3325 8630 3376 Leiſtung in den Viehbeſtänden geebnet, was ſich auch in einer um 10
7259 3372 8262 3420 bis 12 v. H. erhöhten Fleiſcherzeugung ausdrückt:
7259 3619 8632 3671 Aehnliche Erfolge konnten auf milchwirtſchaftlichem Gebiet
7260 3661 8644 3718 erzielt werden. Die entſprechende Steigerung betrug 4,2 Mrd. 1
7258 3706 8633 3762 Milchanfall, ſo daß 1937/38 insgeſamt 26,2 Mrd. 1 anfielen.
7258 3756 8632 3807 Selbſtverſtändlich wirkte dieſe Zunahme ihrerſeits auf die Butter⸗
7260 3801 8633 3854 erzeugung, die von 420 000 t im Jahre 1932/33 auf 521 000 t im
7259 3853 7666 3898 Jahre 1937/38 ſtieg.
7349 3914 8633 3967 Beſſer als viele Worte ſprechen gerade die letzten Zahlen von
7257 3959 8633 4012 dem verantwortungsbewußten Einſatz aller Kräfte des deutſchen
7259 4005 8632 4057 Bauerntums zur inneren und äußeren Feſtigung ſeines Lebens⸗
7259 4050 8632 4100 raums. „Wir kapitulieren nicht. Jeder Deutſche ſoll ſatt werden,
7257 4098 7851 4143 kein Deutſcher ſoll hungern.“
8719 874 10053 967 Berliner Börſe am 1. September.
8995 975 9768 1024 Aktien freundlich. Renten behauptet.
8789 1022 10060 1079 Die Aktienmärkte ſtanden naturgemäß unter dem Eindruck
8706 1068 10060 1128 der Rede des Führers vor dem Deutſchen Reichstag. Mit
8705 1107 10058 1174 Zuverſicht und Vertrauen ſieht man den weiteren Entwick⸗
8707 1159 10062 1219 lungen entgegen. Dieſe Haltung kam auch deutlich an den
8706 1203 10059 1265 Aktienmärkten zum Ausdruck, die bei freundlicher Grund⸗
8707 1248 10060 1311 ſtimmung ruhig einſetzten. Die Kursveränderungen gingen
8693 1293 10064 1354 hierbei kaum über das Ausmaß der Vortage hinaus. Weitere
8706 1341 10059 1398 Kaufaufträge der Bankenkundſchaft hatten zumeiſt Kursſteige⸗
8706 1385 10060 1444 rungen zur Folge, andererſeits wurden, wie üblich zum Monats⸗
8703 1427 10059 1489 beginn, verſchiedentlich einige Abgaben vorgenommen, ſo daß
8707 1485 9612 1532 auch leichte Abſchläge zu beobachten waren.
8796 1518 10061 1578 Montane lagen zumeiſt gebeſſert, ſo Buderus um ¾, Hoeſch
8708 1562 10062 1622 um ½, Laurahütte um 1 und Harpener um 2 ½ %. Vereinigte
8707 1604 10064 1668 Stahlwerke blieben mit 99 ¾ (+ ⅛) faſt unverändert. Klöckner
8709 1665 9305 1711 waren um ¾ % rückgängig.
8789 1699 10066 1758 In Braunkohlenaktien verlief das Geſchäft ruhig. Soweit die
8700 1744 10067 1803 Notierungen gegen den Vortag Veränderungen aufwieſen, lagen
8697 1792 10069 1847 ſie feſter, ſo Deutſche Erdöl um 1, Bubiag und Rheinebraun um
8696 1835 10066 1891 je 2 %. Am Kaliaktienmarkt kamen Wintershall 2 und Salzdet⸗
8701 1875 10068 1938 furth 4 ½ % höher an, während Kali Chemie ¼ % einbüßten.
8701 1923 10067 1982 Für Chemiepapiere zeigte ſich Kaufintereſſe, wobei Schering ¾,
8698 1970 10070 2028 Rütgers 2 ⅛ und Farben 3 ¾ % gewannen. Gummi⸗ und Lino⸗
8704 2015 10066 2070 leumwerte blieben ebenſo wie Kabel⸗ und Draht⸗ ſowie Automobil⸗
8702 2065 10068 2115 anteile vernachläſſigt. Bei den Elektro⸗ und Verſorgungswerten
8703 2104 10068 2161 war die Kursgeſtaltung nicht einheitlich. RWE. und Gesfürel
8699 2152 10069 2208 ſtiegen um je 1 und Siemens um 1 ½ %, demgegenüber bröckelten
8703 2196 10068 2251 HEW. um ½, EW. Schleſien und Schleſiſche Gas um je 1 % ab.
8703 2240 10067 2295 Von Maſchinenbauaktien verloren Orenſtein 1 ¾ %, von Metall⸗
8703 2288 10069 2337 werten Metallgeſellſchaft 1 %. Sonſt ſind noch zu erwähnen von
8704 2331 10069 2381 Bauwerten Berger und von Textilaktien Dierig mit je + 1,
8702 2378 10069 2430 ferner Bremer Wolle mit — 1 ⅞ %. Zellſtoff Waldhof wurden
8705 2422 10069 2477 1 % niedriger, Dortmunder Union in gleichem Ausmaße höher
8699 2468 10016 2520 bewertet. Schiffahrtspapiere lagen ruhig und kaum verändert.
8787 2511 10074 2564 Wenn auch die Kursentwicklung im Verlaufe keine ganz ein⸗
8703 2559 10073 2611 heitliche Linie erkennen ließ, war die Grundſtimmung an den
8703 2603 10074 2656 Aktienmärkten doch weiterhin als freundlich anzuſprechen. Soweit
8704 2649 10073 2703 infolge von Gewinnmitnahmen Rückgänge eintraten, waren dieſe
8695 2695 10074 2748 zumeiſt begrenzt und ſtellten vielfach nur eine natürliche Gegen⸗
8697 2739 10075 2792 bewegung auf die kurz zuvor erzielten größeren Gewinne dar.
8704 2783 10075 2838 Durch eine Erhöhung von 3 % fielen Dortmunder Union auf.
8703 2831 10071 2883 Wintershall verdoppelten den 2 %igen Anfangsgewinn, Farben
8703 2877 10069 2930 gaben zeitweiſe 1 ⅛ % der zuvor erzielten Beſſerung her. 2 %
8703 2922 10071 2974 ſchwächer lagen Hapag ſowie Lichtkraft. Sonſt hielten ſich die
8705 2973 9504 3018 Veränderungen im Rahmen von 1 %.
8793 3013 10070 3063 Am Börſenſchluß wurden verſchiedene Werte erneut höher
8706 3059 10069 3110 notiert. So ſtiegen Rheinſtahl, Mannesmann und Verein. Stahl⸗
8701 3107 10071 3155 werke um je ½ %, Schuckert um ¾ und Conti Gummi um 1 %.
8707 3152 10004 3202 Farben ſchloſſen zu 160. Niedriger lagen Berger mit — 1 %.
8794 3197 10068 3246 Von den zu Einheitskurſen gehandelten Bankaktien verän⸗
8706 3243 10069 3292 derten ſich bei den Hypothekenbanken lediglich Meininger Hyp.
8707 3290 10070 3339 und Weſtdtſch. Boden Credit mit je — ¾ % nennenswert. Am
8706 3334 10070 3389 Markt der Kolonialwerte gaben Doag um 1 ¼ % und Otavi
8707 3381 10069 3429 Minen um 1 ℛℳ nach. Bei den Induſtriepapieren gaben Adler⸗
8705 3426 10069 3476 hütte Glas um 2 ¾ und W. Jacobſen um 3 ¾ % nach. Anderer⸗
8706 3472 9928 3524 ſeits kamen Aſchaffenburger Bräu 2 ½ % höher zur Notiz.
8794 3517 10070 3568 Im variablen Rentenverkehr blieb die Reichsaltbeſitzanleihe
8706 3564 10070 3611 mit 132 unverändert. Die Gemeindeumſchuldung blieb mit
8705 3616 9089 3660 93,05 unverändert.
8788 3655 10070 3706 Am Kaſſarentenmarkte herrſchte bei mäßig belebtem Geſchäft
8700 3702 10070 3752 ein gut ſtetiger Grundton. Gelegentlich kam etwas Angebot heraus,
8700 3745 10068 3796 das aber die Kurſe kaum beeinflußte, zumal andererſeits genügend
8702 3791 10070 3842 Aufnahmeneigung beſtand. Hyp.⸗Pfandbriefe und Kommunal⸗
8700 3837 10070 3887 obligationen waren behauptet, Liquidationspfandbriefe unterlagen
8701 3882 10068 3932 geringen Schwankungen nach beiden Seiten. Von den meiſt ge⸗
8703 3928 10069 3977 ſtrichenen Stadtanleihen ſtiegen 28er Koblenz um 1 %. Bei den
8703 3972 10069 4022 Provinzanleihen waren 26er Brandenburg u. a. um ¼ % erhöht.
8701 4017 10068 4066 Länderanleihen wieſen bei gut behauptetem Grundton nur wenig
8691 4062 10070 4111 Abweichungen auf. Reichsanleihen bewegten ſich auf letztem
8695 4112 8837 4149 Stand.
8789 4154 10070 4203 Steuergutſcheine I ſowie die Abſchnitte der Serie II waren
8700 4199 10067 4248 durchweg unverändert. Die Notiz für Oktober 42 wurde aus⸗
8698 4244 8820 4294 geſetzt.
8788 4290 9830 4338 Der Privatdiskontſatz lag bei unverändert 2 ¾ %.
8789 4335 10070 4382 Am Geldmarkt blieben die Sätze für Blankotagesgeld mit
8701 4382 9208 4423 2 ⅞ — 3 ⅛ % unverändert.
5869 4237 7127 4295 Vorläufige Regelung des Zoll⸗ und Reiſe⸗
6215 4306 6793 4363 verkehrs in Danzig.
5909 4380 7189 4430 Danzig, 1. September. Mit Wirkung vom 1. September 1939
5819 4437 7188 4492 iſt über die vorläufige Regelung des Zoll⸗ und Reiſeverkehrs auf
5821 4500 7189 4552 dem Danziger Staatsgebiet eine Verordnung erlaſſen, auf Grund
5819 4562 7186 4613 der die bisherigen Vorſchriften über Zölle, Ein⸗ und Ausfuhr⸗
5817 4620 7184 4675 verbote und Beſchränkungen vorläufig weiter Anwendung finden.
5818 4681 7184 4735 Die Ausfuhr von Waren aus dem Danziger Staatsgebiet iſt ver⸗
5821 4743 5937 4781 boten.
5912 4811 7188 4867 Der Reiſeverkehr zwiſchen dem Danziger Staatsgebiet und
5820 4873 7187 4930 dem Zollauslande wird für alle Perſonen geſperrt. Ausnahmen
5822 4933 7188 4986 ſind nur für Perſonen der Militärbehörden und für Heeresgut
5824 4992 7187 5045 und NSV.⸗Transporte zuläſſig. Für die Mitnahme von Ge⸗
5823 5052 7189 5105 brauchsgegenſtänden durch ausländiſche Touriſten, die aus Danzig
5824 5112 7188 5165 abreiſen, ſind ſtrenge Vorſchriften erlaſſen. Es dürfen nicht mehr
5823 5170 7188 5223 Gebrauchsgegenſtände ausgeführt werden als ſolche, die im Ein⸗
5821 5228 7186 5285 zelwert nicht mehr als zwei Gulden betragen. Strenge Strafen
5821 5290 7187 5342 ſind bei Uebertretung angedroht. — Die Wareneinfuhr aus Polen
5810 5349 7185 5403 und die Warenausfuhr nach Polen bedarf der beſonderen Bewilli⸗
5822 5409 6724 5457 gung der Abteilung Wirtſchaft des Senats.
7702 4235 8187 4290 Meſſe⸗Ausklang.
7347 4298 8628 4348 Am Donnerstag wurde die Leipziger Herbſtmeſſe, wie im
7257 4343 8628 4394 Programm vorgeſehen, geſchloſſen. Als Leiſtungsſchau der groß⸗
7258 4390 8629 4436 deutſchen Verbrauchsgüterinduſtrie hat ſie nach dem Bericht des
7258 4435 8629 4483 Meſſeamtes ihre Aufgabe voll erfüllt, aber auch als Spiegel der
7259 4480 8630 4531 ausländiſchen Produktion durch die Beteiligung fremdländiſcher
7258 4526 8628 4574 Lieferwerke und die Kollektivausſtellungen verſchiedener Länder.
7258 4571 8628 4620 Den Hauptanteil der Einkäuferſchaft ſtellte der Binnenmarkt.
7258 4616 8629 4666 Infolge der gegenwärtigen internationalen Lage mußte der Be⸗
7259 4661 8630 4714 ſuch aus dem Ausland hinter der vorjährigen Vergleichszahl
7260 4707 8629 4756 zurückbleiben, doch darf feſtgeſtellt werden, daß Einkäufer aus
7258 4752 8630 4802 den Nordſtaaten, Holland, der Schweiz, dem Balkan und zu einem
7259 4797 8628 4844 kleinen Teil auch aus überſeeiſchen Gebieten auf der Meſſe er⸗
7258 4842 8629 4891 ſchienen waren. Vom Inland ſtellte die mitteldeutſche Wirtſchaft
7259 4884 8628 4941 den ſtärkſten Anteil der Beſucher. Obwohl nur vereinzelt die vor⸗
7260 4933 8629 4986 jährigen Umſatzziffern erreicht ſein dürften, iſt die geſamte Aus⸗
7259 4978 8629 5026 ſtellerſchaft mit der Herbſtmeſſe zufrieden. Die Stimmung war
7260 5023 8629 5070 bis zum Schluß gut und zuverſichtlich. Es hat ſich gezeigt, daß
7258 5068 8633 5117 der Erfahrungsaustauſch auf der Meſſe wie überhaupt Verkaufs⸗
7258 5112 8629 5163 geſpräche und Durchſicht der Kollektionen, weil die Beſucherzahl
7257 5159 8627 5209 nicht ſo groß war wie früher, viel beſſer gepflegt werden konnten
7258 5205 8626 5250 als bei einem Meſſeandrang. Andererſeits bot das Muſterbild
7256 5250 8627 5297 der Meſſe in allen ſeinen Zweigen eine lückenloſe Ueberſicht über
7257 5295 8626 5344 die totale Leiſtung unſerer Wirtſchaft. Als Vermittlungsſtätte
7258 5340 8627 5386 für die kommende Bedarfsbefriedigung gewährte die Herbſtmeſſe
7258 5383 8626 5432 eine Vielheit von Neuheiten, die ſehr intereſſierte und auch ihren
7257 5430 8624 5479 Niederſchlag in den Aufträgen der nächſten Monate finden dürfte.
6409 5590 8047 5726 Wirtſchaft des Auslandes.
5962 5763 7058 5822 Ausweiſe ausländiſcher Notenbanken.
5913 5828 7189 5873 London, 30. Auguſt. (D. N. B.) Wochenausweis der
5823 5870 7189 5921 Bank von England vom 30. Auguſt 1939 (in Klammern
5825 5912 7188 5965 Zu⸗ und Abnahme im Vergleich zur Vorwoche) in 1000 Pfund
5825 5957 7187 6013 Sterling: Im Umlauf befindliche Noten 529 500 (Zun. 21 440),
5824 6003 7187 6058 hinterlegte Noten 33 510 (Abn. 4840), andere Regierungsſicher⸗
5823 6051 7189 6103 heiten der Emiſſionsabteilung 284 800 (Zun. 580), andere Sicher⸗
5823 6097 7188 6147 heiten der Emiſſionsabteilung 3470 (Abn. 580), Silbermünzen⸗
5824 6140 7189 6193 beſtand der Emiſſionsabteilung 710 (unverändert), Goldmünzen⸗
5823 6185 7189 6238 und Barrenbeſtand der Emiſſionsabteilung 263 010 (Zun. 16 590),
5825 6231 7191 6284 Depoſiten der Regierung 31 070 (Zun. 8700), andere Depoſiten:
5824 6276 7190 6329 Banken 90 140 (Abn. 1990), Private 38 980 (Zun. 2750),
5822 6321 7192 6374 Regierungsſicherheiten 113 126 (Zun. 13 456), andere Sicherheiten,
5824 6366 7192 6419 Wechſel und Vorſchüſſe 6390 (Zun. 680), Wertpapiere 24 630
5814 6405 7192 6466 (Zun. 300), Gold⸗ und Silberbeſtand der Bankabteilung 740
5812 6454 7191 6510 (Abn. 110). Verhältnis der Reſerven zu den Paſſiven 21,38
5822 6505 6124 6550 gegen 26,00 %.
5824 6636 7192 6699 Starke Steigerung des engliſchen Notenumlaufs.
6029 6693 6987 6756 Im Hintergrund der Pfundſturz.
5913 6758 7191 6813 London, 31. Auguſt. Obwohl das engliſche Pfund ſich Mitte
5824 6800 7191 6860 dieſer Woche gegenüber dem bisher erreichten Tiefſtand am Diens⸗
5824 6849 7192 6908 tag leicht erholen konnte, hält die Unſicherheit über die künftige
5824 6895 7196 6948 Entwicklung unvermindert an, was am Donnerstag erneut darin
5822 6940 7191 6990 zum Ausdruck kam, daß der Kurs wieder rückläufig wurde. Ein
7260 5768 8630 5816 beſonderes Schlaglicht wirft darüber hinaus auch der ſoeben ver⸗
7262 5813 8631 5862 öffentlichte letzte Ausweis der Bank von England auf die Finanz⸗
7262 5858 8632 5905 lage, da ſich nach ihm der Banknotenumlauf in Großbritannien
7262 5903 8631 5950 auf einen in der engliſchen Geſchichte noch nie dageweſenen Rekord⸗
7262 5947 8632 5996 ſtand erhöhte. Allein in der letzten Woche ſtieg der Notenumlauf
7261 5992 8632 6040 von 508,1 auf 529,5 Mill. Pfund und weiſt ſomit eine Zunahme
7261 6039 7799 6085 von 21,4 Mill. Pfund auf.
7350 6078 8631 6129 Andererſeits ſind die Bankdepoſiten in der letzten Woche von
7260 6126 8632 6175 91,1 auf 90,1 Mill. Pfund zurückgegangen. In beiden Fällen
7262 6170 8632 6217 ſpiegelt ſich ſomit der von allen Seiten trotz der in der Vorwoche
7262 6215 8632 6264 erfolgten Verdoppelung des Diskontſatzes der Bank von England
7262 6260 8632 6307 von 2 auf 4 % einſetzende verſtärkte Geldbedarf deutlich wider.
7263 6304 8633 6353 Zwar hat auch der Goldmünzen⸗ und Barrenbeſtand der Emiſ⸗
7258 6350 8632 6398 ſionsabteilung der Bank von England um 16,6 auf 263,0 Mill.
7258 6395 8633 6443 Pfund zugenommen, doch ſteht dieſe Steigerung nur auf dem
7264 6440 8632 6486 Papier, da die Goldbeſtände bekanntlich ſeit Anfang dieſes Jahres
7265 6484 8633 6531 nicht mehr nach der alten Parität, ſondern nach dem jeweiligen
7264 6528 8632 6581 Stande des Goldpreiſes bewertet werden. Da dieſer in der laufen⸗
7264 6573 8634 6626 den Woche eine bisher noch nicht zu verzeichnende Höhe erreicht
7260 6618 8633 6665 hatte, iſt die erhöht ausgewieſene Goldmenge nur eine buchmäßige
7259 6663 8632 6710 Neubewertung. Sie ändert auch nichts an der Tatſache, daß das
7265 6708 8632 6755 Verhältnis der Reſerven der Bank von England zu den Paſſiven
7260 6752 8629 6800 binnen einer Woche von 26,0 auf 21,4 % zurückging und ſomit
7265 6798 8632 6846 die Verbindlichkeiten nur noch zu etwa ein Fünftel gedeckt werden.
7398 6899 8491 6948 Fortſetzung von „Wirtſchaft des Auslandes“
7674 6944 8214 6990 auf der nächſten Seite.
8792 4519 10072 4565 Berlin, 31. Auguſt. Preisnotierungen für Nahrungs⸗
8703 4562 10072 4610 mittel. (Verkaufspreiſe des Lebensmittelgroß⸗
8702 4606 10073 4658 handels für 100 Kilo frei Haus Groß⸗Berlin.) [Preiſe in
8702 4654 10071 4700 Reichsmark.] Bohnen, weiße, mittel 42,00 bis 43,00, Langbohnen,
8703 4698 10068 4745 weiße, handverleſen —,— bis —,—, Linſen, kleine, käferfrei
8695 4745 10066 4791 —,— bis —,—, Linſen, mittel, käferfrei —,— bis —,—, Linſen,
8702 4791 10070 4842 große, käferfrei —,— bis —,—, Speiſeerbſen, Vict. Konſum, gelbe
8693 4837 10067 4882 —,— bis —,—, Speiſeerbſen, Vict. Rieſen, gelbe —,— bis —,—,
8703 4880 10068 4931 Speiſeerbſen, Vict. extra Rieſen, gelbe —,— bis —,—, Geſchl.
8696 4924 10069 4975 glaſ. gelbe Erbſen II (zollverb.) 61,90 bis 62,00, Geſchl. glaſ. gelbe
8692 4970 10071 5019 Erbſen III (zollverb.) 55,00 bis 56,00, Grüne Erbſen —,— bis —,—,
8702 5015 10070 5067 Reis: Rangoon*) 25,50 bis 26,50. Saigon. ungl.*) 29,00 bis 30,00,
8702 5061 10073 5111 Italiener, ungl.*) 30,50 bis 31,50, Gerſtengraupen, fein, C/0
8704 5107 10074 5155 bis 5/0*) 41,50 bis 42,50 †), Gerſtengraupen, mittel, C/1*) 40,50
8702 5152 10074 5199 bis 41,50 †), Gerſtengraupen, Kälberzähne, C/6*), 34,00 bis
8703 5197 10067 5246 35,00 †), Gerſtengrütze*), alle Körnungen 34,00 bis 35,00 †),
8702 5242 10081 5293 Haferflocken *) [Hafernährmittel] 45,00 bis 46,00 †), Hafergrütze *)
8702 5291 10075 5338 [Hafernährmittel] 45,00 bis 46,00 †), Roggenmehl, Type 997 24,55
8702 5338 10070 5384 bis 25,50, Weizenmehl, Type 812 (Inland) 34,75 bis —,—,
8698 5381 10070 5431 Weizengrieß, Type 450 39,75 bis —,—, Kartoffelmehl, hochfein
8701 5427 10065 5473 36,65 bis 38,15 †), Zucker Melis (Grundſorte) 67,90 bis —,—,
8701 5470 10068 5524 Roggenkaffee, loſe 38,50 bis 39,50 †), Gerſtenkaffee, loſe 40,50 bis
8701 5526 10066 5578 41,50 †), Malzkaffee, loſe 45,00 bis 46,00 †), Rohkaffee, Robuſta
8700 5577 10068 5623 u. Weſtafrikaner 258,00 bis 266,00, Rohkaffee, Braſil Superior
8700 5622 10068 5669 bis Extra Prime 265,00 bis 275,00, Rohkaffee, gewaſchen, Süd⸗
8702 5665 10070 5714 amerikaner —,— bis —,—, Rohkaffee, gewaſchen, Zentral⸗
8701 5713 10069 5758 amerikaner 352,00 bis 440,00, Röſtkaffee, Braſil Superior bis
8701 5756 10068 5806 Extra Prime 349,00 bis 373,00, Röſtkaffee, gew., Südamerikaner
8695 5803 10069 5852 —,— bis —,—, Röſtkaffee, gew., Zentralmerikaner 458,00 bis
8701 5845 10072 5894 582,00, Röſtkaffee, gering 338,00 bis 346,00, Kakao, ſtark entölt
8704 5893 10069 5939 130,00 bis —,—, Tee, chineſ. 810,00 bis 900,00, Tee, indiſch
8701 5936 10070 5987 960,00 bis 1400,00, Ringäpfel, amerikan., extra choice —,— bis
8693 5983 10068 6035 —,—, Pflaumen 40/50 in Kiſten —,— bis —,—, Sultaninen:
8702 6031 10070 6078 Type 10 63,00 bis 65,00, Type 9 56,00 bis 58,00, Korinthen
8704 6073 10067 6127 choice Amalias 56,00 bis 58,00, Mandeln, ſüße, handgewählte,
8702 6119 10066 6168 ausgewogen —,— bis —,—, Mandeln, bittere, handgewählte,
8702 6169 10072 6216 ausgewogen —,— bis —,—, Kunſthonig in ½ kg-Packungen
8704 6214 10068 6259 70,00 bis 71,00, Bratenſchmalz in Tierces —,— bis —,—, Braten⸗
8704 6257 10068 6309 ſchmalz in Kübeln 183,04 bis —,—, Berliner Rohſchmalz —,—
8705 6300 10067 6351 bis —,—, Dtſch. Rindertalg in Kübeln 111,60 bis —,—, Speck, inl.,
8697 6348 10076 6399 ger. —,— bis —,—, Markenbutter in Tonnen 292,00 bis —,—,
8698 6394 10071 6441 Markenbutter, gepackt 296,00 bis —,—, feine Molkereibutter in
8703 6441 10069 6495 Tonnen 286,00 bis —,—, feine Molkereibutter, gepackt 290,00
8704 6483 10067 6533 bis —,—, Molkereibutter in Tonnen 278,00 bis —,—, Molkerei⸗
8704 6530 10068 6584 butter, gepackt 282,00 bis —,—, Landbutter in Tonnen 256,00
8704 6577 10081 6624 bis —,—, Landbutter, gepackt 260,00 bis —,— (die Butter⸗
8702 6623 10065 6671 preiſe verſtehen ſich frei Bahnhof Berlin zuzüglich 1,30 ℛℳ
8703 6668 10061 6715 Rollgeld per 100 kg), Allgäuer Stangen 20 % 96,00 bis 100,00,
8702 6712 10063 6762 echter Gouda 40 % 172,00 bis 184,00, echter Edamer 40 % 172,00
8703 6757 10063 6809 bis 184,00, bayer. Emmentaler (vollfett) 220,00 bis —,—,
8702 6803 10064 6851 Allgäuer Romatour 20 % 120,00 bis —,—, Harzer Käſe 68,00
8702 6846 8897 6891 bis 74,00.
8788 6895 9981 6945 *) Nur für Zwecke der menſchlichen Ernährung beſtimmt.
8786 6940 9974 6988 †) Die zweiten Preiſe verſtehen ſich auf Anbruchmengen.
7252 1556 7558 1602 Wirtſchaftsjahre
7249 1645 7407 1684 1932/33
7250 1687 7407 1731 1933/34
7256 1738 7401 1776 1934/35
7256 1784 7401 1820 1935/36
7250 1824 7406 1868 1936/37
7251 1872 7421 1912 1937/38
7958 1370 8556 1417 Mengenindex der landwirtſch.
7934 1416 8584 1460 Produktion 1927/28 bis 1928/29
8184 1463 8325 1498 = 100
7999 1507 8556 1552 ohne Abzug nach Abzug
7917 1546 8626 1597 der auf eingeführte Futtermittel
8053 1597 8459 1638 entfallenden Anteile
8051 1646 8117 1679 104
8051 1691 8118 1723 110
8052 1736 8119 1768 115
8045 1777 8121 1811 110
8053 1826 8119 1857 113
8053 1871 8118 1903 117
8425 1644 8488 1676 108
8424 1689 8486 1720 117
8425 1733 8488 1766 123
8425 1779 8489 1811 120
8425 1824 8488 1856 124
8426 1869 8487 1901 127
7356 2573 7513 2611 1924/25
7422 2622 7466 2654 75
7242 2952 7436 3003 1933/34
7260 3007 7411 3045 1936/37
7703 2572 7849 2615 1926/27
7732 2617 7796 2655 66
8044 2569 8194 2613 1932/33
8086 2617 8132 2649 75
8433 2615 8475 2649 82
7347 2680 8630 2730 Die unerhörte Erfolgsbilanz wurde im letzten Wirtſchaftsjahr
7257 2726 8630 2778 noch weiter aktiviert. 25,5 Mill. t Brotgetreide brachte die letztjährige
7258 2773 8464 2822 Ernte! Auch die Hachfruchternten zeitigten große Ergebniſſe:
7783 2820 8353 2863 in Mill. t wurden geerntet:
7260 2916 7406 2952 1928/32
7260 3052 7407 3094 1937/38
7538 2867 7750 2911 Kartoffeln
7627 2914 7712 2950 41,2
7627 2960 7712 2999 41,4
7628 2999 7713 3043 46,3
7627 3049 7713 3092 55,3
7825 2866 8057 2910 Zuckerrüben
7902 2912 7986 2949 11,2
7927 2958 7986 2989 8,6
7903 3002 7984 3042 12,1
7896 3048 7994 3084 15,7
8079 2862 8339 2906 Futterrüben
8170 2907 8272 2946 28,3
8180 2949 8262 2996 30,7
8173 3002 8268 3035 37,8
8180 3045 8264 3088 40,5
8390 2568 8542 2611 1937/38
8391 2860 8595 2906 Kohlrüben
8479 2909 8540 2948 8,0
8479 2948 8536 2995 9,1
8471 2999 8542 3036 9,6
8476 3043 8545 3080 9,6
7259 3521 7412 3563 1928/32
7256 3568 7415 3612 1937/38
7897 3426 8463 3470 Fleiſcherzeugung in 1000 t
7750 3475 8076 3522 Schweinefleiſch
7881 3522 7988 3555 2 023
7881 3567 7987 3601 2 263
8272 3470 8499 3518 Rindfleiſch
8356 3520 8426 3552 885
8356 3564 8423 3596 931
