9816 6616
2598 418 2689 478 858

1791 552 2716 612 Allgemeiner
2824 542 3563 602 Anzeiger.

688 715 1378 775 Bekanntmachungen.

537 796 611 856 [388
640 794 675 854 b]

758 780 1362 840 Bekanntmaſchung.

581 830 642 890 Die
665 831 804 891 Inhaber
839 827 883 887 der
911 821 1174 881 Großherzoglich
1203 815 1387 875 Poſenſchen
1426 811 1544 871 Pfand⸗

540 881 622 941 briefe
653 877 752 937 werden
783 871 902 931 hiermit
928 867 948 927 in
985 864 1135 924 Kenntniß
1171 859 1285 919 geſetzt,
1301 857 1358 917 daß
1394 856 1436 916 die
1461 850 1534 910 Ver⸗

538 926 657 986 looſung
686 917 731 977 der
754 915 782 975 in
816 910 952 970 termino
981 906 1140 966 Johannis
1168 903 1242 963 1844
1276 901 1322 961 zum
1361 894 1537 954 Tilgungs⸗

543 966 634 1026 Fonds
668 958 884 1018 erforderlichen
923 952 934 1012 4
975 950 1031 1010 und
1071 948 1083 1008 3
1105 948 1111 1008 ¼
1122 947 1208 1007 proc.
1236 944 1447 1004 Pfandbriefe
1481 941 1515 1001 am

538 1009 564 1069 7.
585 1004 798 1064 Dezember
825 998 862 1058 d.
878 997 921 1057 J.
942 993 1129 1053 ſtattfinden,
1155 989 1214 1049 und
1240 989 1294 1049 daß
1331 988 1379 1048 die
1401 987 1464 1047 Liſte
1491 985 1539 1045 der

534 1052 687 1112 gezogenen
716 1042 915 1102 Pfandbriefe
949 1037 1001 1097 den
1029 1034 1292 1094 nächſtfolgenden
1326 1031 1394 1091 Tag
1428 1030 1451 1090 in
1480 1029 1536 1089 un⸗

534 1097 595 1157 ſerem
639 1085 934 1145 Geſchäfts⸗Lokale
973 1079 1028 1139 und
1067 1077 1118 1137 den
1151 1075 1257 1135 dritten
1284 1072 1356 1132 Tag
1389 1065 1462 1125 nach
1489 1061 1534 1121 der

536 1136 663 1196 Ziehung
689 1132 721 1192 an
753 1130 801 1190 den
838 1126 949 1186 Börſen
982 1123 1035 1183 von
1071 1121 1172 1181 Berlin
1210 1120 1268 1180 und
1289 1119 1427 1179 Breslau
1459 1112 1533 1172 aus⸗

531 1179 676 1239 gehangen
704 1172 815 1232 werden
848 1169 904 1229 und
932 1167 1021 1227 dieſer
1044 1165 1200 1225 Aushang
1227 1164 1272 1224 bis
1300 1163 1328 1223 zu
1361 1162 1467 1222 deren,
1479 1155 1546 1215 Be⸗

531 1220 749 1280 kanntmachung
780 1214 865 1274 durch
887 1212 929 1272 die
951 1210 1131 1270 öffentlichen
1163 1208 1286 1268 Blätter
1307 1204 1424 1264 dauern
1456 1201 1547 1261 wird.

570 1261 682 1321 Poſen,
698 1259 747 1319 den
784 1257 843 1317 11.
865 1254 1042 1314 November
1075 1250 1177 1310 1843.

741 1291 1316 1351 General⸗Landſchafts⸗Direction.

533 1451 592 1511 323
621 1451 650 1511 b]

771 1442 1303 1502 Proclana.

566 1495 659 1555 Wenn
691 1492 740 1552 der
773 1490 882 1550 hieſige
909 1488 1095 1548 Kaufmann
1128 1488 1264 1548 Heinrich
1297 1486 1542 1546 Schwerdtfeger

525 1540 565 1600 ſich
601 1537 758 1597 veranlaßt
788 1533 971 1593 gefunden,
1007 1531 1108 1591 bonis
1143 1530 1169 1590 zu
1214 1530 1321 1590 cediren
1371 1530 1432 1590 und
1473 1529 1544 1589 über

523 1585 602 1645 deſſen
632 1580 800 1640 Vermögen
835 1577 870 1637 am
914 1576 1058 1636 heutigen
1092 1574 1176 1634 Tage
1206 1574 1255 1634 der
1280 1572 1438 1632 förmliche
1458 1571 1542 1631 Kon⸗

523 1629 576 1689 kurs
609 1624 725 1684 erkannt
749 1620 903 1680 worden,
932 1619 956 1679 ſo
999 1618 1110 1678 werden
1153 1617 1201 1677 zur
1235 1616 1374 1676 genauen
1412 1609 1537 1669 Feſtſtel⸗

523 1671 586 1731 lung
624 1668 672 1728 der
698 1664 901 1724 Paſſivmaſſe
933 1662 997 1722 alle
1034 1660 1231 1720 diejenigen,
1263 1657 1369 1717 welche
1412 1657 1444 1717 an
1481 1657 1534 1717 den

523 1713 689 1773 Kaufmann
724 1708 862 1768 Heinrich
897 1704 1145 1764 Schwerdtfeger
1180 1702 1236 1762 und
1271 1701 1362 1761 deſſen
1407 1695 1539 1755 Vermö⸗

522 1755 595 1815 gen,
623 1752 797 1812 namentlich
831 1751 859 1811 an
894 1749 951 1809 das
985 1747 1009 1807 zu
1048 1746 1173 1806 letzterem
1226 1745 1400 1805 gehörige,
1429 1744 1457 1804 an
1491 1744 1539 1804 der

523 1799 710 1859 Langeſtraße
730 1795 887 1855 hierſelbſt
912 1791 963 1851 sub
1004 1791 1074 1851 No.
1095 1790 1150 1850 70.
1176 1789 1337 1849 belegene,
1363 1787 1464 1847 früher
1490 1786 1535 1846 der

524 1845 591 1905 Frau
635 1841 683 1901 von
717 1840 828 1900 Lepel,
857 1838 929 1898 geb.
953 1837 987 1897 v.
1006 1836 1045 1896 d.
1064 1834 1209 1894 Lanken,
1237 1832 1358 1892 gehörig
1392 1827 1541 1887 geweſene

525 1886 700 1946 Wohnhaus
732 1884 768 1944 c.
789 1883 825 1943 p.
846 1881 902 1941 aus
934 1880 1038 1940 irgend
1074 1877 1152 1937 einem
1198 1875 1436 1935 Rechtsgrunde
1462 1869 1540 1929 For⸗

522 1927 661 1987 derungen
692 1928 745 1988 und
781 1926 952 1986 Anſprüche
988 1924 1014 1984 zu
1061 1922 1175 1982 machen
1206 1921 1258 1981 ſich
1284 1919 1450 1979 berechtigt
1471 1912 1538 1972 hal⸗

522 1976 576 2036 ten,
601 1973 745 2033 hierdurch
774 1970 923 2030 geladen,
948 1968 1042 2028 ſolche
1072 1966 1091 2026 in
1126 1965 1205 2025 einem
1254 1964 1299 2024 der
1329 1963 1388 2023 auf

521 2020 575 2080 den
610 2017 645 2077 3.
665 2016 734 2076 und
769 2015 833 2075 17.
853 2012 1016 2072 Novbr.
1036 2012 1071 2072 d.
1086 2011 1125 2071 J.
1145 2010 1214 2070 und
1249 2007 1308 2067 den
1353 2006 1388 2066 1.
1397 2006 1547 2066 Dezbr.

639 2062 671 2122 d.
686 2060 751 2120 J.,
772 2058 981 2118 jedesmal
1013 2053 1216 2113 Morgens
1249 2050 1281 2110 10
1318 2051 1426 2111 Uhr,

523 2106 688 2166 angeſetzten
719 2101 1114 2161 Liquidations⸗Termine
1140 2097 1194 2157 vor
1220 2095 1268 2155 dem
1311 2094 1540 2154 Stadtgerichte

523 2149 664 2209 hierſelbſt
689 2146 806 2206 gehörig
841 2142 1064 2202 anzumelden,
1084 2141 1110 2201 zu
1140 2139 1297 2199 verifiziren
1328 2138 1383 2198 und
1408 2138 1449 2198 die
1464 2137 1530 2197 etwa

522 2194 606 2254 dafür
646 2192 670 2252 in
705 2189 862 2249 Anſpruch
902 2187 927 2247 zu
976 2185 1158 2245 nehmenden
1203 2182 1449 2242 Vorzugsrechte
1479 2179 1538 2239 an⸗

529 2238 575 2298 und
603 2235 833 2295 auszuführen,
851 2232 898 2292 bei
917 2229 1123 2289 Vermeidung
1156 2226 1203 2286 der
1231 2225 1254 2285 in
1291 2224 1432 2284 termino
1465 2221 1525 2281 den

530 2281 580 2341 15.
600 2279 818 2339 Dezember
849 2276 884 2336 d.
904 2275 965 2335 J.,
985 2272 1147 2332 Morgens
1178 2270 1208 2330 10
1244 2270 1330 2330 Uhr,
1356 2262 1538 2322 auszuſpre⸗

525 2324 639 2384 chenden
674 2321 842 2381 Präkluſion
881 2319 936 2379 und
971 2317 1153 2377 Abweiſung
1193 2315 1247 2375 von
1287 2314 1337 2374 der
1366 2311 1539 2371 vorhande⸗

525 2368 570 2428 nen
606 2367 717 2427 Maſſe,
737 2365 839 2425 wobei
864 2364 910 2424 den
945 2361 1159 2421 auswärtigen
1184 2358 1351 2418 Kreditoren
1392 2355 1539 2415 hierdurch

527 2411 699 2471 aufgegeben
724 2409 825 2469 wird,
851 2407 957 2467 hieſige
987 2404 1266 2464 Bevollmächtigte
1302 2401 1327 2461 zu
1363 2400 1413 2460 den
1449 2399 1530 2459 Akten

527 2450 548 2510 zu
580 2450 739 2510 beſtellen,
765 2451 818 2511 sub
855 2448 1094 2508 praejudicio,
1121 2446 1179 2506 daß
1216 2446 1248 2506 ſie
1280 2444 1365 2504 ſonſt
1402 2444 1429 2504 zu
1460 2442 1529 2502 allen

528 2500 647 2560 ferneren
685 2496 947 2556 Verhandlungen
996 2493 1018 2553 in
1062 2492 1154 2552 dieſer
1197 2489 1426 2549 Konkursſache
1465 2486 1540 2546 nicht

529 2544 632 2604 werden
673 2541 866 2601 zugezogen,
897 2538 1042 2598 vielmehr
1078 2535 1197 2595 überall
1229 2534 1260 2594 an
1302 2533 1348 2593 die
1379 2525 1546 2585 Beſchluß⸗

530 2587 635 2647 nahme
666 2586 711 2646 der
741 2584 863 2644 hieſigen
904 2582 974 2642 oder
1010 2581 1075 2641 hier
1101 2579 1218 2639 gehörig
1253 2577 1435 2637 vertretenen
1465 2568 1541 2628 Kre⸗

529 2626 632 2686 ditoren
667 2630 775 2690 werden
810 2627 954 2687 vinkulirt
981 2626 1120 2686 werden.

573 2675 709 2735 Zugleich
737 2672 845 2732 werden
878 2669 1075 2729 Creditores
1096 2666 1222 2726 hiermit
1244 2664 1402 2724 geladen,
1424 2663 1445 2723 in
1478 2661 1527 2721 dem

535 2720 643 2780 erſten
685 2715 1078 2775 Liquidations⸗Termine
1114 2710 1161 2770 zur
1197 2709 1332 2769 weiteren
1378 2700 1544 2760 Beſchluß⸗

535 2763 643 2823 nahme
673 2761 742 2821 über
772 2760 816 2820 die
851 2759 875 2819 in
910 2757 1028 2817 Betreff
1057 2755 1102 2815 der
1132 2754 1230 2814 Maſſe
1265 2753 1289 2813 zu
1333 2750 1530 2810 ergreifenden

541 2806 711 2866 Maßregeln
754 2803 813 2863 und
855 2802 897 2862 die
935 2801 1025 2861 dieſer
1068 2799 1174 2859 Sache
1212 2797 1259 2857 zur
1297 2794 1541 2854 Vereinfachung

537 2850 678 2910 derſelben
708 2848 729 2908 zu
764 2847 895 2907 gebende
921 2844 1103 2904 Einleitung
1133 2841 1178 2901 ſich
1209 2839 1432 2899 einzufinden,
1462 2836 1543 2896 unter

538 2894 583 2954 dem
627 2892 800 2952 Präjudiz,
824 2890 879 2950 daß
908 2889 952 2949 die
982 2887 1056 2947 nicht
1085 2885 1307 2945 Erſcheinenden
1347 2883 1382 2943 an
1416 2882 1456 2942 die
1485 2875 1549 2935 Be⸗

541 2936 743 2996 ſchlußnahme
783 2934 832 2994 der
872 2932 1030 2992 Mehrheit
1064 2930 1113 2990 der
1148 2927 1384 2987 Erſcheinenden
1434 2925 1542 2985 werden

544 2979 692 3039 gebunden
724 2977 855 3037 erachtet
882 2975 1018 3035 werden.

598 3020 696 3080 Datum
739 3019 955 3079 Greifswald,
973 3016 1025 3076 den
1063 3016 1119 3076 17.
1138 3014 1265 3074 Oktober
1298 3012 1402 3072 1843.

679 3063 808 3123 Direktor
837 3061 891 3121 und
926 3059 1084 3119 Aſſeſſores
1113 3058 1163 3118 des
1192 3056 1444 3116 Stadtgerichts.

605 3105 660 3165 (L.
680 3104 731 3164 S.)
1071 3100 1137 3160 Dr.
1167 3099 1390 3159 Teßmann.

562 3253 687 3313 [1950]

745 3245 1391 3305 Ediktal⸗Citation.

613 3305 742 3365 Nachdem
786 3302 840 3362 wir
870 3301 939 3361 über
964 3299 1023 3359 das
1053 3296 1221 3356 Vermögen
1250 3294 1300 3354 des
1329 3292 1453 3352 hieſigen
1477 3291 1576 3351 Kauf⸗

563 3349 675 3409 manns
708 3346 806 3406 Carl
844 3343 1069 3403 Ferdinand
1111 3337 1383 3397 Burghardt,
1416 3335 1486 3395 rozu
1519 3333 1575 3393 nur

566 3392 711 3452 Mobilien
744 3389 801 3449 und
838 3386 1016 3446 namentllch
1044 3383 1143 3443 einige
1161 3379 1578 3439 Kolonial⸗Waaren⸗Vor⸗

561 3435 643 3495 rathe
681 3432 835 3492 gehören,
869 3429 970 3489 unterm
1028 3426 1124 3486 21ſten
1158 3425 1191 3485 d.
1216 3423 1302 3483 Mts.
1336 3422 1432 3482 wegen
1475 3420 1567 3480 klaren

560 3475 783 3535 Unvermögens
833 3471 879 3531 zur
914 3469 1137 3529 Befriedigung
1178 3466 1229 3526 der
1259 3464 1366 3524 bereits
1412 3462 1569 3522 bekannten

556 3519 724 3579 Gläubiger
752 3515 799 3575 den
836 3513 1019 3573 Konkurs
1052 3510 1107 3570 aus
1136 3507 1295 3567 rechtlichen
1327 3505 1473 3565 Gründen
1510 3503 1561 3563 von

555 3562 742 3622 Amtswegen
776 3557 906 3617 eröffnet
925 3554 1045 3614 haben,
1069 3552 1151 3612 laden
1184 3550 1237 3610 wir
1256 3548 1443 3608 ſämmtliche
1463 3545 1563 3605 Gläu⸗

554 3606 631 3666 biger
663 3604 709 3664 des
746 3600 902 3660 gedachten
938 3595 1249 3655 Gemeinſchuldners
1285 3591 1338 3651 zur
1369 3589 1561 3649 Anmeldung

552 3649 605 3709 und
649 3645 851 3705 Ausweiſung
899 3642 972 3702 ihrer
1011 3638 1184 3698 Anſprüche
1228 3636 1261 3696 an
1310 3635 1358 3695 die
1411 3626 1565 3686 Konkurs⸗

554 3692 658 3752 Maſſe
690 3689 737 3749 auf

551 3735 611 3795 den
651 3734 712 3794 28.
727 3731 910 3791 Februar
945 3727 1076 3787 1844,
1096 3724 1360 3784 Vormittags
1400 3721 1435 3781 10
1466 3719 1568 3779 Uhr,

551 3775 600 3835 vor
625 3778 670 3838 dem
704 3777 788 3837 Herrn
813 3771 1320 3831 Ober⸗Landesgerichts⸗Aſſeſſor
1350 3766 1385 3826 v.
1404 3759 1562 3819 Horne⸗

550 3822 655 3882 mann
696 3819 778 3879 unter
806 3818 851 3878 der
878 3815 1093 3875 Verwarnung
1124 3812 1248 3872 hiermit
1271 3810 1353 3870 vor,
1385 3808 1435 3868 daß
1471 3807 1562 3867 dieje⸗

550 3862 653 3922 nigen,
674 3863 772 3923 welche
802 3862 821 3922 in
856 3861 945 3921 dieſem
984 3858 1123 3918 Termine
1152 3855 1226 3915 nicht
1251 3853 1413 3913 erſcheinen
1443 3851 1567 3911 ſollten,

549 3910 597 3970 mit
626 3909 693 3969 allen
727 3907 798 3967 ihren
837 3905 1048 3965 Forderungen
1087 3900 1116 3960 an
1149 3900 1193 3960 die
1212 3899 1313 3959 Maſſe
1342 3897 1452 3957 werden
1486 3889 1557 3949 prä⸗

548 3954 651 4014 kludirt
691 3951 745 4011 und
789 3950 873 4010 ihnen
917 3947 1045 4007 deshalb
1085 3944 1124 4004 ein
1168 3943 1272 4003 ewiges
1312 3940 1552 4000 Stillſchweigen

548 3997 611 4057 wird
647 3996 793 4056 auferlegt
820 3994 952 4054 werden.

592 4040 779 4100 Unbekannte
813 4038 880 4098 oder
914 4037 947 4097 am
1000 4034 1197 4094 perſönlichen
1231 4030 1404 4090 Erſcheinen
1443 4025 1557 4085 verhin⸗

549 4085 621 4145 derte
641 4083 808 4143 Gläubiger
833 4081 942 4141 können
974 4079 1020 4139 ſich
1057 4078 1088 4138 an
1119 4077 1171 4137 den
1197 4075 1316 4135 hieſigen
1347 4070 1560 4130 Juſtiz⸗Kom⸗

548 4128 692 4188 miſſarius
726 4126 812 4186 Herrn
847 4124 1111 4184 Reitzenſtein
1150 4120 1270 4180 wenden
1313 4117 1371 4177 und
1405 4114 1554 4174 denſelben

549 4173 599 4233 mit
624 4171 776 4231 gehöriger
801 4168 1019 4228 Information
1054 4166 1110 4226 und
1140 4163 1317 4223 Vollmacht
1347 4159 1505 4219 verſehen.

591 4216 629 4276 In
663 4215 707 4275 dem
750 4213 966 4273 anberaumten
1004 4209 1148 4269 Termine
1172 4207 1264 4267 haben
1297 4206 1350 4266 ſich
1384 4204 1427 4264 die
1455 4203 1561 4263 Gläu⸗

549 4260 623 4320 biger
649 4259 771 4319 zugleich
809 4257 877 4317 über
914 4256 957 4316 die
984 4253 1217 4313 Beibehaltung
1249 4250 1313 4310 oder
1344 4248 1556 4308 Abänderung

547 4304 588 4364 des
624 4303 670 4363 zum
711 4300 1043 4360 Interims⸗Kurator
1080 4296 1135 4356 und
1166 4294 1385 4354 Kontradiktor
1417 4292 1553 4352 beſtellten

548 4347 632 4407 Herrn
667 4342 1042 4402 Juſtiz⸗Kommiſſarius
1087 4337 1245 4397 Goetſch,
1275 4337 1363 4397 unter
1403 4336 1448 4396 der
1482 4335 1561 4395 Ver⸗

549 4390 689 4450 warnung
717 4390 741 4450 zu
775 4389 923 4449 erklären,
943 4387 1000 4447 daß
1034 4385 1111 4445 ſonſt
1135 4383 1265 4443 darüber
1284 4382 1332 4442 von
1361 4380 1553 4440 Amtswegen

550 4435 615 4495 wird
651 4433 762 4493 verfügt
790 4431 930 4491 werden.

596 4483 739 4543 Kolberg,
759 4487 810 4547 den
840 4487 902 4547 24.
923 4484 1061 4544 Oktober
1086 4481 1189 4541 1843.

740 4551 867 4611 Königl.
898 4550 1010 4610 Land⸗
1046 4548 1102 4608 und
1138 4546 1369 4606 Stadtgericht.

552 4716 683 4776 [1945]

753 4713 1342 4773 Bekanntmachung.

599 4762 638 4822 Es
676 4761 739 4821 wird
782 4760 998 4820 beabſichtigt,
1032 4758 1051 4818 in
1099 4757 1147 4817 den
1180 4756 1320 4816 Straßen
1359 4754 1406 4814 der
1430 4753 1551 4813 hieſigen

566 4805 655 4865 Stadt
680 4804 720 4864 die
744 4803 1016 4863 Gasbeleuchtung
1046 4800 1264 4860 einzuführen.
1304 4798 1349 4858 An
1383 4797 1561 4857 qualifizirte

558 4847 922 4907 Unternehmungsluſtige
951 4846 1058 4906 ergeht
1082 4844 1223 4904 demnach
1262 4842 1383 4902 hiermit
1417 4842 1461 4902 die
1485 4840 1567 4900 Auf⸗

557 4891 737 4951 forderung,
765 4891 822 4951 mit
855 4891 902 4951 dem
945 4889 1201 4949 Unterzeichneten
1233 4887 1371 4947 hierüber
1404 4885 1427 4945 in
1460 4883 1565 4943 Unter⸗

561 4933 710 4993 handlung
740 4934 767 4994 zu
801 4934 907 4994 treten.

612 4978 791 5038 Düſſeldorf,
810 4977 859 5037 den
888 4977 927 5037 9.
946 4977 1120 5037 November
1149 4977 1245 5037 1843.

1063 5032 1118 5092 Der
1149 5029 1509 5089 Ober⸗Bürgermeiſter

1162 5073 1196 5133 v.
1226 5073 1437 5133 Fuchſius.

1127 5229 1213 5289 [377
1233 5229 1266 5289 b]

1251 5351 1473 5411 Berlin⸗

1199 5439 1523 5499 Frankfurter

1206 5518 1534 5578 Eiſenbahn.

701 5648 942 5708 Tägliche
1002 5657 1522 5717 Dampſwagenzüge

639 5732 718 5792 vom
806 5733 912 5793 19.
938 5739 1237 5799 Novemver
1298 5747 1439 5807 1843
1501 5752 1589 5812 ab.

859 5847 924 5907 A.
979 5855 1410 5915 Perſonenzüge.

622 5926 750 5986 Abfahrt
772 5926 819 5986 von
846 5926 948 5986 Berlin
1007 5927 1103 5987 Mrg.
1119 5928 1129 5988 7
1145 5928 1204 5988 Uhr
1220 5928 1247 5988 45
1268 5930 1333 5990 M.,
1349 5931 1413 5991 Ab.
1418 5931 1504 5991 6Uhr
1519 5931 1530 5991 —
1568 5936 1622 5996 M.

682 5960 692 6020 ⸗
786 5970 796 6030 ⸗
843 5970 1008 6030 Frankfurt
1061 5970 1070 6030 ⸗
1108 5970 1122 6030 8
1169 5971 1179 6031 ⸗
1221 5971 1235 6031 —
1292 5972 1302 6032 ⸗
1363 5972 1373 6032 ⸗
1424 5972 1434 6032 6
1477 5971 1486 6031 ⸗
1514 5971 1548 6031 30
1599 5974 1609 6034 ⸗

616 6022 741 6082 Ankunft
758 6023 780 6083 in
807 6023 971 6083 Frankfurt
987 6022 1074 6082 Mrg.
1086 6023 1118 6083 10
1140 6025 1200 6085 Uhr
1216 6024 1244 6084 30
1271 6023 1337 6083 M.,
1353 6023 1413 6083 Ab.
1424 6023 1435 6083 9
1451 6023 1506 6083 Uhr
1522 6023 1550 6083 10
1572 6023 1627 6083 M.

674 6056 679 6116 ⸗
764 6058 769 6118 ⸗
802 6062 902 6122 Berlin
1012 6070 1026 6130 ⸗
1088 6071 1117 6131 10
1164 6071 1174 6131 ⸗
1212 6071 1245 6131 45
1298 6071 1312 6131 ⸗
1374 6071 1388 6131 ⸗
1431 6071 1440 6131 9
1484 6071 1493 6131 ⸗
1526 6071 1555 6131 40
1602 6071 1612 6131 ⸗

652 6118 711 6178 Mit
731 6119 780 6179 den
820 6120 1122 6180 Perſonen⸗Zügen
1167 6123 1281 6183 werden
1310 6125 1389 6185 zwei
1415 6127 1523 6187 Klaſſen
1563 6129 1612 6189 von

594 6162 858 6222 Perſonenwagen
889 6162 920 6222 Ⅰ.
941 6164 1004 6224 und
1040 6165 1087 6225 ⅠⅠ.
1107 6167 1221 6227 Klaſſe,
1248 6169 1429 6229 Equipagen
1460 6171 1512 6231 und
1549 6172 1616 6232 Eil⸗

587 6206 695 6266 fracht,
716 6208 886 6268 befördert.

1905 693 1976 753 B.
2016 699 2360 759 Güterzüge.

1656 754 1785 814 Abfahrt
1811 754 1868 814 von
1899 754 2003 814 Berlin
2075 752 2236 812 Morgens
2273 750 2304 810 11
2340 751 2402 811 Uhr
2428 749 2459 809 30
2496 749 2589 809 Min.

1722 788 1732 848 ⸗
1844 799 1854 859 ⸗
1905 797 2072 857 Frankfurt
2098 794 2240 854 Mittags
2286 793 2321 853 12
2382 790 2392 850 ⸗
2453 788 2464 848 —
2565 789 2575 849 ⸗

1655 841 1789 901 Ankunſt
1820 840 1847 900 in
1883 840 2044 900 Frankfurt
2075 838 2252 898 Nachmitt.
2293 835 2303 895 3
2340 837 2402 897 Uhr
2433 836 2464 896 15
2495 835 2595 895 Min.

1721 874 1731 934 ⸗
1834 874 1844 934 ⸗
1882 884 1986 944 Berlin
2162 881 2171 941 ⸗
2299 880 2313 940 3
2370 879 2384 939 ⸗
2436 879 2465 939 45
2550 869 2565 929 ⸗

1656 929 1718 989 Mit
1743 928 1790 988 den
1827 927 2086 987 Güterzügen
2122 926 2236 986 werden
2267 924 2423 984 Perſonen
2459 922 2479 982 in
2516 915 2630 975 Perſo⸗

1612 973 1769 1033 nenwagen
1809 971 1816 1031 Ⅰ
1822 971 1851 1031 Ⅰ.
1862 971 1961 1031 Klaſſe
1990 970 2043 1030 und
2077 970 2130 1030 auf
2153 968 2380 1028 Stehplätzen,
2397 967 2426 1027 ſo
2456 967 2508 1027 wie
2531 965 2630 1025 Equi⸗

1613 1017 1725 1077 pagen,
1746 1015 1943 1075 Frachtgüter
1970 1014 2029 1074 und
2060 1012 2156 1072 Vieh,
2177 1011 2349 1071 befördert.

1656 1062 1716 1122 Die
1752 1059 1884 1119 näheren
1924 1057 2174 1117 Beſtimmungen
2215 1055 2331 1115 ergiebt
2372 1054 2428 1114 das
2468 1051 2631 1111 Betriebs⸗

1614 1106 1821 1166 Reglement,
1846 1103 1962 1163 welches
2003 1101 2059 1161 auf
2095 1101 2165 1161 allen
2201 1099 2373 1159 Stationen
2423 1097 2469 1157 für
2504 1096 2515 1156 1
2550 1094 2637 1154 Sgr.

1619 1150 1640 1210 zu
1671 1149 1767 1209 haben
1803 1149 1857 1209 iſt.

1657 1205 1782 1265 Berlin,
1802 1203 1852 1263 den
1887 1202 1922 1262 9.
1946 1199 2121 1259 November
2157 1197 2252 1257 1843.

1671 1269 1732 1329 Die
1754 1267 1916 1327 Direction
1950 1265 1995 1325 der
2023 1262 2352 1322 Berlin⸗Frankfurter
2380 1258 2581 1318 Eiſenbahn⸗

2011 1300 2234 1360 Geſellſchaft.

1613 1447 1696 1507 [368
1722 1449 1760 1509 b]

1622 1527 2234 1587 Berlin⸗Frankfurter
2296 1516 2640 1576 Eiſenbahn.

1667 1580 1720 1640 Zur
1752 1577 2012 1637 Bequemlichkeit
2039 1575 2092 1635 der
2124 1572 2326 1632 Reiſenden,
2358 1570 2459 1630 welche
2497 1568 2549 1628 auf
2587 1567 2635 1627 der

1614 1623 1960 1683 Berlin⸗Frankfurter
1996 1618 2172 1678 Eiſenbahn
2220 1615 2268 1675 den
2316 1612 2523 1672 gegenwärtig
2576 1611 2619 1671 um

1615 1668 1625 1728 7
1652 1666 1753 1726 Uhr,
1785 1664 1833 1724 vom
1881 1663 1939 1723 19.
1961 1660 2137 1720 November
2168 1658 2195 1718 ab
2238 1658 2275 1718 um
2328 1657 2344 1717 7
2365 1657 2370 1717 ¾
2408 1656 2483 1716 Uhr
2514 1654 2637 1714 Mor⸗

1613 1710 1703 1770 gens
1739 1708 1789 1768 von
1824 1706 1885 1766 hier
1915 1704 2102 1764 abgehenden
2143 1701 2354 1761 Perſonenzug
2385 1698 2521 1758 benutzen
2556 1697 2632 1757 wol⸗

1612 1755 1679 1815 len,
1703 1751 1809 1811 können
1848 1749 1896 1809 bei
1920 1748 1968 1808 den
2001 1746 2088 1806 unten
2127 1744 2324 1804 bezeichneten
2358 1742 2535 1802 Vorſtehern
2579 1739 2627 1799 von

1614 1798 1738 1858 Berlins
1779 1794 1961 1854 vereinigten
2003 1789 2185 1849 Fuhrleuten
2241 1786 2283 1846 bis
2340 1786 2377 1846 11
2418 1785 2475 1845 Uhr
2516 1783 2631 1843 Nachts

1613 1841 1734 1901 Wagen
1773 1837 1828 1897 zum
1872 1836 2005 1896 Abholen
2049 1833 2099 1893 der
2126 1830 2298 1890 Reiſenden
2343 1829 2397 1889 aus
2441 1827 2519 1887 ihrer
2546 1825 2651 1885 Woh⸗

1614 1885 1691 1945 nung
1728 1883 1795 1943 nach
1826 1881 1872 1941 dem
1919 1879 2086 1939 Bahnhofe
2111 1875 2158 1935 der
2179 1873 2505 1933 Berlin⸗Frankfurter
2526 1863 2635 1923 Eiſen⸗

1614 1930 1683 1990 bahn
1723 1926 1837 1986 beſtellt
1862 1923 2001 1983 werden.

1661 1972 1717 2032 Die
1759 1970 1867 2030 Preiſe
1909 1967 1961 2027 für
1997 1965 2053 2025 das
2095 1962 2235 2022 Abholen
2286 1959 2447 2019 innerhalb
2499 1956 2628 2016 Berlins

1614 2015 1821 2075 Ringmauern
1872 2010 1958 2070 ſind,
1994 2009 2065 2069 ohne
2105 2005 2288 2065 Unterſchied
2334 2003 2384 2063 der
2425 2000 2639 2060 Entfernung,

1613 2061 1664 2121 wie
1687 2057 1789 2117 folgt,
1812 2054 1984 2114 feſtgeſetzt.

1607 2125 1695 2185 Von
1737 2125 1856 2185 einem

1925 2096 1937 2156 1
1971 2096 2081 2156 Perſon
2128 2093 2140 2153 5
2180 2091 2268 2151 Sgr.

1930 2138 1941 2198 2
2028 2137 2046 2197 ⸗
2144 2137 2156 2197 8
2237 2137 2248 2197 ⸗

2335 2091 2644 2151 einſchließlich

2312 2134 2379 2194 des
2423 2131 2640 2191 tarifma⸗

1617 2171 1784 2231 Punkte
1812 2169 1889 2229 ab⸗

1918 2180 1923 2240 3
2024 2179 2040 2239 ⸗
2119 2177 2156 2237 12
2241 2177 2251 2237 ⸗

2318 2179 2438 2239 ßigen
2461 2175 2631 2235 Freige⸗

1667 2214 1834 2274 geholt

1918 2223 1934 2283 4
2020 2221 2036 2281 ⸗
2112 2220 2150 2280 15
2232 2219 2242 2279 ⸗

2398 2220 2549 2280 päcks.

1655 2279 1794 2339 Kinder
1822 2274 1938 2334 unter
1966 2270 2005 2330 10
2027 2268 2188 2328 Jahren
2222 2265 2354 2325 zahlen
2394 2263 2449 2323 die
2471 2260 2639 2320 Hälfte.

1611 2327 1679 2387 Das
1713 2322 1860 2382 Fahrgeld
1895 2316 1963 2376 wird
1997 2314 2042 2374 bei
2065 2313 2110 2373 der
2139 2310 2309 2370 Beſtellung
2354 2309 2451 2369 erlegt
2490 2308 2547 2368 und
2587 2304 2632 2364 die

1612 2365 1697 2425 dafür
1739 2362 1989 2422 auszureichende
2016 2357 2128 2417 Marke
2165 2355 2234 2415 nach
2271 2352 2510 2412 zurückgelegter
2537 2349 2633 2409 Fahrt

1612 2414 1654 2474 dem
1696 2412 1750 2472 den
1776 2408 1898 2468 Wagen
1930 2402 2127 2462 begleitenden
2153 2398 2349 2458 Conducteur
2382 2395 2637 2455 ausgehändigt.

1661 2456 1715 2516 Für
1743 2454 1802 2514 jede
1819 2450 2015 2510 Beſtellung,
2031 2445 2189 2505 gleichviel
2211 2443 2244 2503 ob
2277 2441 2331 2501 auf
2358 2440 2424 2500 eine
2451 2438 2522 2498 oder
2549 2436 2637 2496 meh⸗

1615 2501 1696 2561 rere,
1721 2499 1772 2559 von
1812 2494 1974 2554 demſelben
2005 2489 2127 2549 Punkte
2152 2486 2360 2546 abzuholende
2401 2483 2553 2543 Perſonen
2609 2481 2640 2541 iſt

1620 2548 1626 2608 ½
1659 2544 1747 2604 Sgr.
1769 2538 2022 2598 Schreibgebühr
2050 2533 2072 2593 zu
2110 2532 2243 2592 erlegen.

1625 2584 1725 2644 Eine
1753 2585 1927 2645 Stunde
1955 2580 2022 2640 vor
2050 2577 2224 2637 Abgang
2258 2575 2324 2635 des
2353 2570 2632 2630 Eiſenbahn⸗

1615 2632 1760 2692 zuges,
1776 2630 1838 2690 alſo
1860 2626 2060 2686 gegenwärtig
2093 2623 2133 2683 um
2177 2621 2188 2681 6
2221 2620 2322 2680 Uhr,
2350 2617 2416 2677 vom
2461 2614 2528 2674 19.
2550 2608 2633 2668 No⸗

1615 2677 1766 2737 vember
1796 2673 1831 2733 an
1872 2671 1913 2731 um
1953 2670 1963 2730 6
1988 2668 1993 2728 ¾
2019 2667 2114 2727 Uhr,
2135 2665 2200 2725 muß
2231 2663 2307 2723 jeder
2332 2659 2549 2719 Mitfahrende
2585 2656 2635 2716 mit

1616 2721 1703 2781 ſeinem
1755 2717 1880 2777 Gepäck
1911 2714 1958 2774 zum
2005 2711 2170 2771 Einſteigen
2212 2707 2306 2767 bereit
2342 2704 2430 2764 ſein,
2462 2702 2518 2762 und
2566 2700 2638 2760 darf

1617 2766 1702 2826 unter
1725 2762 1819 2822 keinen
1856 2758 2025 2818 Umſtänden
2063 2755 2109 2815 den
2147 2752 2325 2812 abholenden
2362 2747 2480 2807 Wagen
2517 2744 2630 2804 warten

1619 2810 1722 2870 laſſen,
1742 2807 1790 2867 bei
1815 2804 1940 2864 Verluſt
1960 2801 2007 2861 der
2038 2799 2193 2859 Mitfahrt
2215 2795 2271 2855 und
2302 2793 2349 2853 des
2385 2790 2510 2850 erlegten
2536 2783 2634 2843 Fahr⸗

1626 2853 1749 2913 geldes.

1669 2897 1722 2957 Für
1749 2892 1994 2952 Unterbringung
2031 2887 2080 2947 des
2122 2883 2335 2943 Neiſegepäcks
2373 2879 2458 2939 ſorgt
2490 2878 2543 2938 der
2581 2876 2628 2936 den

1623 2941 1737 3001 Wagen
1771 2936 1954 2996 begleitende
1983 2931 2205 2991 Conducteur,
2230 2927 2279 2987 der
2314 2925 2368 2985 das
2402 2923 2521 2983 Gepäck
2551 2920 2634 2980 unter

1626 2984 1752 3044 Aufſicht
1778 2981 1884 3041 behält
1915 2978 1970 3038 und
2006 2976 2032 3036 es
2072 2975 2128 3035 auf
2159 2972 2210 3032 dem
2250 2970 2423 3030 Bahnhofe
2448 2967 2478 3027 an
2514 2966 2555 3026 die
2591 2964 2636 3024 be⸗

1628 3026 1763 3086 treffende
1787 3023 1959 3083 Expedition
1993 3018 2147 3078 abliefert.
2191 3014 2363 3074 Reiſende,
2397 3011 2440 3071 die
2474 3010 2556 3070 mehr
2585 3008 2632 3068 als

1630 3064 1681 3124 das
1707 3067 1904 3127 tarifmäßige
1930 3064 1992 3124 freie
2013 3061 2210 3121 Reiſegepäck
2236 3058 2288 3118 mit
2313 3056 2360 3116 ſich
2391 3053 2516 3113 führen,
2536 3051 2629 3111 haben

1634 3113 1679 3173 ſich
1709 3112 1778 3172 über
1802 3110 1852 3170 den
1886 3108 1975 3168 dafür
2000 3106 2079 3166 mehr
2118 3104 2143 3164 zu
2188 3100 2400 3160 entrichtenden
2435 3096 2548 3156 Betrag
2593 3093 2642 3153 mit

1635 3155 1678 3215 dem
1721 3152 1924 3212 Conducteur
1948 3149 1972 3209 zu
2005 3147 2144 3207 einigen,
2164 3144 2212 3204 der
2236 3143 2260 3203 zu
2293 3141 2433 3201 mäßiger
2462 3136 2635 3196 Forderung

1640 3197 1817 3257 angewieſen
1852 3194 1901 3254 iſt.
1941 3192 2000 3252 Die
2024 3189 2143 3249 Wagen
2177 3186 2285 3246 werden
2325 3182 2434 3242 bequem
2488 3180 2542 3240 ſein
2586 3177 2640 3237 und

1641 3240 1788 3300 höchſteus
1817 3237 1827 3297 6
1865 3234 2012 3294 Perſonen
2051 3229 2252 3289 aufnehmen.

1694 3283 1758 3343 Wer
1788 3281 1812 3341 es
1847 3278 2000 3338 vorzieht,
2019 3274 2182 3334 ſeparat
2211 3270 2315 3330 durch
2345 3267 2429 3327 eine
2453 3264 2645 3324 Droſchke

1647 3327 1692 3387 ſür
1716 3323 1929 3383 tarifmäßiges
1964 3317 2112 3377 Fuhrlohn
2152 3313 2295 3373 abgeholt
2330 3310 2360 3370 zu
2399 3307 2547 3367 werden,
2577 3303 2646 3363 kann

1647 3369 1736 3429 ſolche
1766 3366 1854 3426 unter
1884 3363 2062 3423 Erwartung
2102 3357 2274 3417 pünktlicher
2304 3353 2486 3413 Bedienung
2526 3348 2654 3408 daſelbſt

1646 3412 1792 3472 ebenfalls
1823 3407 1980 3467 beſtellen.

1688 3455 1749 3515 Die
1774 3451 1928 3511 gedachten
1963 3446 2122 3506 Vorſteher
2148 3441 2302 3501 wohnen:

1640 3496 1708 3556 Herr
1737 3492 2037 3552 Friedländer,
2056 3485 2211 3545 Karlsſtr.
2235 3481 2293 3541 Nr.
2317 3481 2376 3541 36.

1654 3537 1664 3597 ⸗
1723 3533 1988 3593 Roſenberg,
2004 3528 2281 3588 Landsbergerſtr.
2302 3524 2371 3584 Nr.
2393 3523 2403 3583 1
2424 3523 2457 3583 g.

1666 3582 1676 3642 ⸗
1731 3577 2006 3637 Daetweiler,
2026 3570 2271 3630 Prenzlauerſtr.
2291 3567 2357 3627 Nr.
2382 3566 2439 3626 22.

1666 3622 1671 3682 ⸗
1729 3619 1985 3679 Sembdner,
2009 3616 2068 3676 alte
2097 3613 2377 3673 Schönhauſerſtr.
2402 3608 2460 3668 Nr.
2484 3607 2537 3667 36.

1659 3668 1669 3728 ⸗
1729 3663 2011 3723 Spaarwald,
2036 3657 2309 3717 Spaarwaldshof
2329 3652 2562 3712 (Spittelmarkt
2582 3648 2652 3708 10).

1659 3709 1669 3769 ⸗
1725 3708 1903 3768 Damm,
1929 3704 2072 3764 Wallſtr.
2097 3701 2163 3761 Nr.
2189 3685 2246 3745 14.

1657 3752 1667 3812 ⸗
1726 3751 1875 3811 Gentz,
1901 3747 2123 3807 Dresdnerſtr.
2149 3744 2218 3804 Nr.
2233 3745 2293 3805 15.

1666 3798 1671 3858 ⸗
1728 3794 1953 3854 Winkler,
1975 3791 2168 3851 Zimmerſtr.
2194 3789 2257 3849 Nr.
2277 3789 2336 3849 36.

1666 3841 1671 3901 ⸗
1737 3839 1908 3899 Sange,
1928 3835 2135 3895 Schützenſtr.
2160 3831 2225 3891 Nr.
2246 3829 2302 3889 73.

1664 3887 1674 3947 ⸗
1730 3883 1891 3943 Poſer,
1912 3880 2119 3940 Wilhelmſtr.
2144 3876 2210 3936 Nr.
2229 3875 2286 3935 40.

1669 3927 1679 3987 ⸗
1731 3924 1991 3984 Daetweiler
2017 3920 2106 3980 jnn.,
2126 3918 2251 3978 Roßſtr.
2272 3917 2334 3977 Nr.
2360 3903 2418 3963 30.

1682 3972 1806 4032 Berlin,
1825 3970 1875 4030 den
1914 3968 1949 4028 7.
1969 3964 2147 4024 November
2177 3959 2276 4019 1843.

1643 4027 1703 4087 Die
1738 4022 1903 4082 Direction
1943 4018 1993 4078 der
2033 4018 2377 4078 Berlin⸗Frankfurter
2417 4011 2617 4071 Eiſenbahn⸗

2017 4063 2248 4123 Geſellſchaft.

1911 4326 1988 4386 [387
2008 4325 2047 4385 b]

1990 4242 2542 4302 Berlin⸗Stettiner

2107 4329 2458 4389 Eiſenbahn.

1950 4396 2006 4456 Die
2040 4391 2322 4451 Vermehrung
2370 4386 2436 4446 des
2478 4384 2638 4444 Güter⸗

1910 4438 2084 4498 verkehrs
2136 4435 2192 4495 auf
2220 4433 2267 4493 der
2300 4430 2394 4490 Bahn
2441 4429 2563 4489 macht
2596 4428 2634 4488 es

1637 4523 1797 4583 nöthig,
1824 4522 2056 4582 zwiſchen
2109 4516 2305 4576 Berlin
2358 4511 2448 4571 und
2483 4508 2635 4568 Neu⸗

1636 4620 1764 4680 ſtadt
1781 4617 1849 4677 von
1884 4614 1969 4674 jetzt
1978 4610 2115 4670 einen
2158 4604 2466 4664 beſonderen
2509 4597 2628 4657 Gü⸗

1637 4702 1791 4762 terzug
1837 4704 2107 4764 einzulegen,
2139 4698 2254 4758 welcher
2292 4694 2478 4754 täglich
2554 4689 2608 4749 um

1632 4780 1651 4840 8
1709 4801 1824 4861 Uhr
1862 4797 1929 4857 30
1987 4791 2265 4851 Minuten
2332 4784 2428 4844 von
2486 4779 2639 4839 Neu⸗

1635 4892 1761 4952 ſtadt
1799 4888 2012 4948 abgehen,
2031 4883 2089 4943 um
2167 4877 2215 4937 10
2263 4875 2369 4935 Uhr
2409 4873 2466 4933 21
2495 4870 2640 4930 Mi⸗

1632 4979 1775 5039 nuten
1821 4975 1859 5035 in
1912 4970 2094 5030 Berlin
2140 4963 2361 5023 eintreſſen
2398 4958 2452 5018 und
2474 4956 2535 5016 von
2565 4953 2650 5013 dort

1636 5067 1701 5127 aus
1758 5069 1816 5129 Um
1910 5065 1975 5125 12
2042 5064 2155 5124 Uhr
2212 5059 2279 5119 30
2353 5055 2628 5115 Minuten

1636 5162 1749 5222 nach
1799 5156 2060 5216 Neuſtadt
2101 5147 2298 5207 zurückkehren
2338 5141 2437 5201 wird,
2461 5136 2650 5196 woſelbſt

1637 5248 1762 5308 derſelbe
1816 5249 1871 5309 Um
1951 5247 1978 5307 2
2041 5245 2158 5305 Uhr
2221 5240 2283 5300 16
2365 5235 2634 5295 Minuten

1648 5340 2024 5400 Nachmittags
2067 5326 2265 5386 eintrifft.

1681 5392 1879 5452 Perſonen
1928 5390 2032 5450 werden
2081 5388 2135 5448 mit
2170 5386 2259 5446 dieſem
2318 5382 2407 5442 Zuge
2442 5378 2550 5438 nicht
2585 5374 2649 5434 be⸗

1640 5436 1815 5496 fördert.

1690 5472 1827 5532 Stettin,
1846 5478 1890 5538 den
1929 5478 1982 5538 14.
2007 5476 2178 5536 November
2211 5474 2310 5534 1843.

1833 5524 1945 5584 Das
1998 5517 2456 5577 Direktorium.

1667 5854 1739 5914 [345
1763 5856 1800 5916 b]

2068 5700 2590 5760 Dampfſchifffahrt

2007 5790 2240 5850 zwiſchen
2279 5789 2638 5849 Magdeburg

1921 5880 2011 5940 und
2083 5879 2407 5939 Hamburg.

1787 5965 1895 6025 Dienſt
1909 5967 1953 6027 für
1974 5970 2024 6030 den
2054 5973 2176 6033 Monat
2205 5972 2552 6032 November.

1684 6071 1772 6131 V.
1781 6076 2171 6136 Magdeburg:
2211 6083 2308 6143 V.
2327 6082 2660 6142 Hamburg:

1684 6129 1755 6189 jeden
1781 6132 1928 6192 Sonntag
1959 6136 2066 6196 Morg.
2077 6139 2087 6199 7
2107 6139 2184 6199 Uhr,
2199 6141 2271 6201 jeden
2296 6148 2444 6208 Sonntag

1724 6167 1729 6227 „
1780 6173 1921 6233 Dienſtag
2000 6175 2011 6235 „
2056 6177 2090 6237 10
2135 6179 2147 6239 „
2237 6184 2243 6244 „
2305 6190 2462 6250 Mittwoch

2479 6172 2647 6232 Morgens

1718 6209 1728 6269 „
1779 6219 1970 6279 Donnerſtag
2006 6219 2016 6279 „
2083 6220 2093 6280 7
2140 6220 2145 6280 „
2232 6220 2243 6280 „
2304 6234 2418 6294 Freitag

2507 6220 2520 6280 7
2559 6215 2645 6275 Uhr.

2744 645 3047 705 Schleppdienſt
3084 649 3153 709 nach
3196 647 3430 707 Bedürfniß
3461 645 3739 705 wöchentlich.

2699 692 2777 752 ein⸗
2802 694 2851 754 bis
2886 693 3088 753 zweimal.

2745 757 2925 817 Fahrbillete
2952 756 3069 816 ertheilt
3100 755 3143 815 die
3170 754 3536 814 Paſſagier⸗Expedition
3574 753 3621 813 der
3648 754 3733 814 Ber⸗

2700 803 2977 863 lin⸗Anhaltiſchen
3020 798 3468 858 Eiſenbahn⸗Geſellſchaft;
3500 797 3596 857 jedoch
3639 797 3729 857 geben

2701 849 2764 909 auch
2791 846 2839 906 die
2876 845 2977 905 Herren
3020 843 3243 903 Herrmann
3291 842 3302 902 &
3355 842 3493 902 Meyer
3536 840 3558 900 in
3605 839 3739 899 Berlin,

2701 891 3092 951 Hausvoigteiplatz
3129 887 3195 947 Nr.
3222 887 3293 947 12,
3331 886 3396 946 jede
3423 885 3603 945 genügende
3640 885 3732 945 Aus⸗

2701 932 2780 992 kunft
2801 935 2977 995 hinſichtlich
3003 933 3056 993 der
3082 932 3263 992 Paſſagier⸗
3289 931 3353 991 und
3374 930 3735 990 Güter⸗Beförderung.

2699 1129 2807 1189 [261]

3023 1119 3414 1179 Editto.

2747 1188 2872 1248 L'Imp.
2896 1186 2983 1246 Regio
3021 1184 3209 1244 Tribunale
3238 1182 3276 1242 di
3305 1181 3416 1241 Prima
3445 1180 3599 1240 Instanza
3623 1177 3728 1237 Civile

2704 1233 2722 1293 in
2761 1232 2899 1292 Venezia
2935 1230 3068 1290 notifica
3108 1227 3170 1287 all'
3201 1225 3330 1285 assente
3370 1223 3512 1283 d'ignoto
3556 1221 3725 1281 domicilio

2705 1278 2878 1338 Emanuele
2914 1274 3001 1334 Cutti
3028 1272 3082 1332 del
3110 1271 3137 1331 fà
3174 1270 3278 1330 David
3319 1268 3356 1328 di
3388 1266 3561 1326 Venezia,
3588 1265 3724 1325 rimasto

2705 1321 2897 1381 prigioniere
2931 1317 2959 1377 di
2983 1316 3094 1376 guerra
3127 1315 3180 1375 nel
3209 1313 3267 1373 13.
3290 1312 3478 1372 Novembre
3512 1310 3613 1370 1812,
3641 1308 3727 1368 nella

2704 1366 2890 1426 Campagna
2922 1362 2954 1422 di
2982 1360 3100 1420 Russia
3132 1359 3141 1419 a
3173 1356 3405 1416 Smolensko,
3423 1354 3514 1414 senza
3546 1352 3732 1412 posteriori

2704 1410 2837 1470 notizie,
2864 1407 2948 1467 avere
2979 1404 3170 1464 Giuseppe,
3192 1400 3325 1460 Sanna,
3352 1398 3552 1458 Venturina,
3574 1397 3667 1457 Ester
3698 1395 3725 1455 ed

2707 1453 2889 1513 Enrichetta
2921 1449 3046 1509 fratello
3083 1447 3091 1507 e
3115 1446 3240 1506 Sorelle
3269 1444 3305 1504 di
3334 1443 3398 1503 esso
3430 1442 3576 1502 assente,
3597 1436 3726 1496 nonchè

2705 1493 2797 1553 Santa
2833 1495 2935 1555 Grego
2975 1493 3010 1553 di
3050 1492 3099 1552 lui
3134 1490 3249 1550 Madre
3284 1487 3444 1547 prodotta
3484 1486 3563 1546 sotto
3607 1485 3634 1545 il
3674 1483 3741 1543 No.

2709 1542 2801 1602 43557
2838 1539 2899 1599 una
2927 1536 3049 1596 istanza
3081 1534 3195 1594 diretta
3231 1534 3239 1594 a
3271 1532 3320 1592 far
3352 1530 3571 1590 pronunciare
3603 1529 3615 1589 a
3640 1527 3725 1587 senso

2709 1585 2759 1645 dei
2785 1584 2840 1644 §§.
2860 1583 2921 1643 24.
2941 1580 2952 1640 e
2977 1580 3063 1640 277.
3083 1578 3134 1638 del
3164 1577 3286 1637 Codice
3321 1575 3428 1635 Civile
3463 1575 3494 1635 la
3534 1574 3570 1634 di
3605 1572 3656 1632 lui
3692 1571 3737 1631 di-

2709 1628 2915 1688 chiarazione
2943 1625 2976 1685 di
3000 1623 3125 1683 morte,
3146 1622 3174 1682 ed
3215 1620 3284 1680 aver
3316 1619 3425 1679 questo
3462 1616 3644 1676 Tribunale
3676 1612 3737 1672 no-

2710 1672 2823 1732 minato
2863 1669 3017 1729 Curatore
3062 1666 3090 1726 ad
3135 1665 3200 1725 esso
3244 1662 3426 1722 Emanuele
3467 1660 3564 1720 Cutti
3596 1656 3738 1716 l'Avvo-

2708 1711 2770 1771 cato
2803 1713 2837 1773 di
2870 1711 2999 1771 Venezia
3033 1709 3104 1769 Dr.
3125 1707 3266 1767 Augusto
3304 1705 3475 1765 Brenzoni
3504 1702 3554 1762 per
3588 1698 3725 1758 l'effetto

2706 1755 2887 1815 specificato
2926 1752 2991 1812 nell
3018 1751 3145 1811 Istanza
3176 1748 3296 1808 stessa.

2757 1801 2845 1861 Viene
2886 1804 2987 1864 percio
3033 1802 3167 1862 eccitato
3217 1799 3268 1859 col
3309 1798 3456 1858 presente
3502 1794 3645 1854 Editto,
3683 1792 3733 1852 che

2705 1850 2770 1910 avrà
2800 1848 2888 1908 forza
2922 1847 2952 1907 di
2979 1845 3124 1905 regolare
3154 1842 3409 1902 intimazione,
3436 1838 3501 1898 esso
3542 1835 3695 1895 assente,
3725 1835 3732 1895 e

2706 1892 2843 1952 d'ignoto
2879 1889 3048 1949 domicilio
3083 1885 3265 1945 Emanuele
3300 1883 3398 1943 Cutti
3429 1881 3482 1941 del
3513 1880 3540 1940 fù
3580 1878 3682 1938 Darid
3721 1878 3730 1938 a

2705 1935 2915 1995 comparire,
2941 1931 2971 1991 od
3018 1931 3040 1991 in
3087 1924 3165 1984 altro
3203 1927 3298 1987 modo
3336 1925 3409 1985 dare
3439 1924 3474 1984 di
3504 1924 3530 1984 se
3560 1922 3684 1982 notizia
3719 1922 3727 1982 a

2706 1979 2805 2039 questo
2847 1976 3023 2036 Tribunale
3068 1973 3123 2033 nel
3160 1971 3302 2031 termine
3348 1969 3381 2029 di
3415 1968 3448 2028 un
3498 1966 3615 2026 anno,
3644 1965 3728 2025 colla

2704 2020 2979 2080 comminatoria,
3001 2018 3056 2078 che
3093 2016 3148 2076 non
3185 2013 3412 2073 comparendo
3445 2011 3456 2071 o
3497 2011 3551 2071 non
3588 2009 3724 2069 facendo

2706 2068 2724 2128 in
2761 2067 2835 2127 aftra
2879 2064 2964 2124 guisa
3004 2061 3180 2121 conoscere
3221 2059 3247 2119 la
3287 2058 3342 2118 sua
3382 2056 3541 2116 esistenza
3578 2053 3670 2113 entro
3717 2052 3724 2112 i

2705 2110 2834 2170 termine
2867 2107 2963 2167 sudd.
2989 2106 3014 2166 si
3043 2105 3168 2165 passerà
3206 2103 3215 2163 a
3248 2102 3361 2162 quella
3386 2099 3654 2159 deliberazione,
3679 2097 3733 2157 che

2700 2156 2766 2216 sarà
2796 2153 2829 2213 di
2858 2151 3013 2211 ragione.

2751 2209 2755 2269 I
2760 2209 2773 2269 l
2799 2207 2950 2267 presente
2985 2204 3052 2264 sarà
3092 2202 3286 2262 pubblicato
3335 2200 3366 2260 ed
3410 2199 3517 2259 affisso
3561 2197 3614 2257 nei
3645 2196 3738 2256 soliti

2704 2253 2816 2313 luoghi
2841 2251 2876 2311 di
2910 2249 3079 2309 Venezia,
3109 2247 3139 2307 ed
3187 2245 3325 2305 inserito
3372 2244 3398 2304 in
3441 2242 3558 2302 questa
3597 2240 3734 2300 Gazetta

2703 2296 2933 2356 privilegiata,
2963 2292 3092 2352 nonchè
3131 2290 3217 2350 nell'
3241 2289 3322 2349 altre
3356 2289 3390 2349 di
3414 2287 3572 2347 Milano,
3596 2283 3740 2343 Vienna,

2707 2341 2862 2401 Berlino,
2897 2337 3112 2397 Pietroburgo
3147 2335 3155 2395 e
3189 2333 3301 2393 Mosca
3336 2333 3349 2393 a
3383 2331 3452 2391 cura
3487 2330 3496 2390 e
3530 2329 3616 2389 spese
3650 2328 3736 2388 délla

2703 2385 2786 2445 parte
2818 2383 2960 2443 instante
2991 2381 3027 2441 di
3055 2380 3220 2440 trimestre
3256 2378 3279 2438 in
3319 2377 3505 2437 trimestre.

2749 2450 2804 2510 (L.
2824 2448 2880 2508 S.)
2970 2445 3072 2505 Dall'
3092 2443 3188 2503 Imp.
3208 2442 3309 2502 Regio
3350 2439 3532 2499 Tribunale
3562 2438 3597 2498 di
3623 2438 3734 2498 Prima

3200 2486 3355 2546 Instanza
3391 2484 3525 2544 Civile.

2752 2534 2909 2594 Venezia,
2933 2535 2985 2595 12.
3008 2532 3189 2592 Dicembre
3223 2530 3328 2590 1839.

3071 2616 3384 2676 Edikt.

2747 2689 2814 2749 Das
2856 2688 2991 2748 Kaiſerl.
3023 2685 3158 2745 Königl.
3189 2681 3476 2741 Civil⸗Tribunal
3502 2678 3575 2738 1ſter
3606 2675 3741 2735 Inſtanz

2706 2734 2725 2794 in
2768 2732 2903 2792 Venedig
2942 2729 3134 2789 unterrichtet
3178 2726 3226 2786 den
3274 2724 3471 2784 abweſenden
3519 2721 3572 2781 und
3610 2720 3664 2780 ſich
3702 2718 3731 2778 an

2707 2778 2782 2838 einem
2828 2775 3034 2835 unbekannten
3081 2772 3147 2832 Ort
3179 2769 3399 2829 aufhaltenden
3446 2765 3605 2825 Emanuel
3642 2762 3746 2822 Cutti,

2706 2823 2753 2883 des
2785 2820 2987 2880 verſtorbenen
3024 2816 3165 2876 David's
3197 2814 3291 2874 Sohn
3333 2812 3385 2872 von
3422 2809 3586 2869 Venedig,
3609 2807 3661 2867 der
3694 2806 3722 2866 am

2713 2866 2763 2926 13.
2789 2864 2961 2924 November
2991 2861 3072 2921 1812
3113 2859 3138 2919 in
3178 2858 3229 2918 der
3264 2857 3416 2917 Schlacht
3447 2854 3538 2914 gegen
3583 2850 3735 2910 Rußland

2707 2911 2727 2971 in
2766 2909 2943 2969 Smolensk
2968 2904 3274 2964 Kriegsgefangener
3298 2900 3377 2960 blieb
3411 2898 3465 2958 und
3495 2896 3623 2956 nachher
3643 2894 3736 2954 nichts

2708 2954 2787 3014 mehr
2812 2952 2866 3012 von
2906 2951 2950 3011 ſich
2975 2949 3064 3009 hören
3098 2948 3178 3008 ließ,
3197 2947 3251 3007 daß
3286 2946 3340 3006 ſein
3380 2943 3503 3003 Bruder
3528 2940 3641 3000 Joſeph
3681 2937 3735 2997 und

2708 2998 2780 3058 ſeine
2819 2995 3007 3055 Schweſtern
3050 2992 3175 3052 Sarina
3218 2989 3397 3049 Venturina
3440 2986 3522 3046 Eſter
3555 2984 3613 3044 und
3662 2980 3744 3040 Hen⸗

2709 3041 2812 3101 riette,
2832 3040 2857 3100 ſo
2906 3038 2955 3098 wie
2994 3037 3074 3097 ſeine
3098 3035 3226 3095 Mutter
3265 3033 3379 3093 Santa
3413 3029 3541 3089 Grego,
3566 3028 3655 3088 unter
3694 3025 3738 3085 der

2718 3085 2778 3145 Nr.
2798 3082 2904 3142 43557
2945 3081 3005 3141 eine
3035 3079 3172 3139 Inſtanz
3203 3075 3399 3135 beigebracht
3420 3073 3546 3133 haben,
3576 3070 3678 3130 damit
3718 3069 3738 3129 er

2714 3122 2784 3182 nach
2808 3125 2858 3185 dem
2908 3124 3012 3184 Sinne
3042 3122 3092 3182 der
3117 3122 3177 3182 §§.
3196 3120 3236 3180 24
3266 3119 3325 3179 und
3361 3117 3420 3177 277
3450 3116 3500 3176 des
3524 3113 3753 3173 Civil⸗Geſetz⸗

2718 3169 2818 3229 buches
2851 3168 2896 3228 als
2928 3166 2988 3226 todt
3016 3165 3126 3225 erklärt
3153 3163 3272 3223 werde;
3313 3161 3340 3221 es
3373 3159 3569 3219 unterrichtet
3597 3156 3643 3216 ihn
3693 3155 3748 3215 fer⸗

2719 3210 2797 3270 ner,
2819 3209 2875 3269 daß
2916 3209 2943 3269 es
2976 3207 3017 3267 ihm
3067 3206 3118 3266 zum
3163 3205 3301 3265 Kurator
3333 3203 3384 3263 den
3416 3201 3590 3261 Advokaten
3626 3199 3649 3259 in
3690 3192 3750 3252 Ve⸗

2723 3252 2824 3312 nedig,
2845 3251 2914 3311 Dr.
2925 3250 3042 3310 Auguſt
3058 3247 3234 3307 Brenzoni,
3255 3246 3303 3306 zur
3330 3245 3495 3305 Wahrung
3527 3242 3618 3302 ſeiner
3639 3239 3751 3299 Rechte

2724 3295 2855 3355 ernannt
2888 3293 2981 3353 habe.
3038 3291 3103 3351 Mit
3141 3289 3234 3349 dieſem
3277 3287 3394 3347 Edikt,
3422 3286 3478 3346 das
3520 3283 3665 3343 übrigens
3698 3281 3745 3341 als

2725 3338 2880 3398 geſetzliche
2911 3335 3103 3395 Intimazion
3144 3333 3171 3393 zu
3212 3331 3383 3391 betrachten
3419 3329 3476 3389 iſt,
3502 3327 3575 3387 wird
3611 3326 3658 3386 der
3699 3325 3751 3385 ab⸗

2724 3381 2850 3441 weſende
2883 3379 2934 3439 und
2967 3378 3014 3438 ſich
3047 3377 3224 3437 unbekannt
3253 3374 3449 3434 aufhaltende
3472 3371 3632 3431 Emanuel
3650 3368 3754 3428 Cutti,

2724 3424 2768 3484 des
2807 3422 3010 3482 verſtorbenen
3053 3421 3194 3481 David's
3228 3418 3359 3478 Sohn,
3378 3413 3611 3473 aufgefordert,
3640 3411 3669 3471 zu
3713 3409 3756 3469 er⸗

2723 3466 2844 3526 ſcheinen
2883 3464 2951 3524 oder
2979 3464 3033 3524 auf
3062 3462 3168 3522 andere
3197 3460 3303 3520 Weiſe
3342 3458 3391 3518 dem
3434 3455 3560 3515 hieſigen
3594 3451 3753 3511 Tribunal

2721 3509 2881 3569 Nachricht
2915 3507 2965 3567 von
3005 3506 3055 3566 ſich
3090 3505 3120 3565 zu
3154 3502 3274 3562 geben,
3304 3499 3464 3559 innerhblb
3503 3496 3583 3556 einem
3638 3493 3758 3553 Jahre,

2719 3552 2772 3612 mit
2797 3551 2845 3611 dem
2884 3549 3062 3609 Bemerken,
3087 3546 3164 3606 daß,
3184 3545 3266 3605 wenn
3304 3543 3329 3603 er
3362 3540 3517 3600 innerhalb
3546 3537 3638 3597 dieſes
3667 3528 3749 3588 Zeit⸗

2718 3596 2820 3656 raums
2853 3594 2930 3654 nicht
2954 3592 3114 3652 erſcheinen
3147 3589 3220 3649 oder
3249 3586 3331 3646 ſonſt
3359 3584 3519 3644 Nachricht
3543 3582 3591 3642 von
3630 3580 3678 3640 ſich
3702 3579 3750 3639 ge⸗

2719 3640 2761 3700 ben
2803 3638 2911 3698 ſollte,
2935 3636 2996 3696 man
3034 3634 3104 3694 über
3132 3634 3179 3694 ihn
3217 3631 3287 3691 nach
3320 3628 3367 3688 dem
3413 3626 3536 3686 Geſetze
3559 3624 3737 3684 beſchließen

2717 3683 2831 3743 wurde.
2871 3681 2881 3741 —
2935 3677 3197 3737 Gegenwärtiges
3237 3675 3311 3735 wird
3356 3673 3386 3733 an
3425 3671 3475 3731 den
3520 3668 3742 3728 gewöhnlichen

2716 3726 2805 3786 Orten
2840 3724 2993 3784 Venedigs
3028 3721 3176 3781 publizirt
3202 3719 3256 3779 und
3291 3716 3514 3776 angeſchlagen
3558 3713 3613 3773 und
3647 3711 3672 3771 in
3707 3710 3751 3770 die

2716 3770 2820 3830 hieſige
2857 3767 3040 3827 privilegirte
3071 3767 3238 3827 Zeitung,
3264 3765 3291 3825 ſo
3332 3761 3390 3821 wie
3416 3760 3442 3820 in
3473 3758 3541 3818 jene
3573 3757 3620 3817 von
3662 3754 3756 3814 Mai⸗

2715 3813 2804 3873 land,
2823 3812 2937 3872 Wien,
2947 3810 3075 3870 Berlin,
3104 3809 3164 3869 St.
3188 3806 3380 3866 Petersburg
3414 3803 3469 3863 und
3503 3800 3671 3860 Moskau,
3695 3798 3744 3858 auf

2715 3856 2811 3916 Koſten
2856 3855 2907 3915 der
2932 3854 3099 3914 Bittſteller
3135 3852 3190 3912 von
3231 3851 3241 3911 3
3282 3850 3307 3910 zu
3342 3849 3353 3909 3
3393 3846 3545 3906 Monaten
3581 3843 3754 3903 eingerückt

2714 3900 2858 3960 werden.

2784 3965 2847 4025 Das
2884 3963 3017 4023 Kaiſerl.
3039 3961 3177 4021 Königl.
3198 3959 3399 4019 Civilgericht
3426 3956 3500 4016 1ſter
3527 3954 3681 4014 Inſtanz.

2758 4029 2916 4089 Venedig,
2931 4030 2977 4090 den
3014 4028 3075 4088 12.
3101 4025 3275 4085 Dezember
3305 4019 3409 4079 1839.

2831 4243 3221 4303 Literariſche
3270 4235 3611 4295 Anzeigen.

2762 4323 2798 4383 Im
2840 4321 2974 4381 Verlage
3004 4318 3059 4378 der
3083 4315 3490 4375 Hofbuchhandlung
3532 4310 3599 4370 (E.
3630 4308 3751 4368 Leiſb⸗

2712 4364 2813 4424 rock)
2838 4366 2864 4426 in
2899 4363 3209 4423 Braunſchweig
3250 4359 3285 4419 iſt
3321 4358 3387 4418 eben
3427 4355 3589 4415 erſchienen
3625 4352 3686 4412 und
3722 4352 3742 4412 in

2727 4450 2910 4510 Berlin
2955 4445 3001 4505 bei
3028 4443 3202 4503 Ferd.
3229 4437 3577 4497 Dümmler,
3606 4428 3751 4488 Linden

2714 4502 2785 4562 Nr.
2806 4500 2882 4560 19,
2903 4500 2929 4560 zu
2964 4497 3098 4557 haben:

2719 4602 2892 4662 Ueber
2946 4599 3028 4659 die
3074 4595 3329 4655 Bildung
3392 4591 3474 4651 der
3538 4586 3746 4646 Stein⸗

3143 4681 3327 4741 fohle,

2714 4680 2844 4740 [1949]

2716 4745 2783 4805 nach
2812 4743 2976 4803 Lindley
3014 4739 3076 4799 und
3110 4736 3249 4796 Hutten
3297 4734 3355 4794 mit
3384 4731 3533 4791 Rückſicht
3557 4730 3609 4790 auf
3638 4729 3748 4789 andere

2718 4789 2846 4849 darüber
2872 4785 3059 4845 aufgeſtellte
3075 4781 3251 4841 Anſichten.
3288 4778 3358 4838 Von
3390 4775 3496 4835 Aug.
3523 4775 3582 4835 W.
3603 4772 3758 4832 Stieh⸗

2861 4831 2930 4891 ler.
2973 4829 3026 4889 gr.
3042 4828 3085 4888 8.
3128 4825 3261 4885 Velinp.
3310 4821 3427 4881 broſch.
3480 4820 3486 4880 ½
3523 4820 3615 4880 Thlr.

2714 4992 2846 5052 [1952]

2766 5036 2813 5096 So
2855 5033 2949 5093 eben
2992 5031 3028 5091 iſt
3059 5029 3222 5089 erſchienen
3269 5025 3327 5085 und
3364 5023 3448 5083 durch
3480 5022 3543 5082 alle
3569 5023 3763 5083 Buchhand⸗

2718 5080 2822 5140 lungen
2857 5076 2867 5136 à
2902 5076 2932 5136 20
2972 5075 3061 5135 Sgr.
3085 5074 3110 5134 zu
3140 5071 3269 5131 haben:

2762 5141 3010 5201 Anweiſung
3044 5137 3094 5197 zur
3123 5134 3327 5194 Berechnung
3366 5132 3411 5192 des
3435 5130 3658 5190 Arbeitslohns
3698 5128 3752 5188 und

2719 5188 2763 5248 der
2790 5184 2990 5244 Materialien
3026 5180 3075 5240 bei
3106 5179 3155 5239 den
3200 5178 3222 5238 in
3267 5176 3316 5236 der
3347 5174 3512 5234 Baukunſt
3543 5173 3757 5233 vorkommen⸗

2725 5260 2770 5320 den
2806 5258 2952 5318 Arbeiten
2979 5255 3033 5315 des
3060 5254 3377 5314 Tiſchlers,
3395 5252 3759 5312 Schloſſers,

2728 5338 3068 5398 Schmidts,
3088 5337 3359 5397 Drahtſlechters,
3380 5336 3526 5396 Glaſers,
3539 5334 3762 5394 Anſtreichers,

2724 5410 2864 5470 Lackirers
2907 5405 2960 5465 und
2993 5401 3180 5461 Tapeziers.
3234 5397 3301 5457 Mit
3335 5395 3349 5455 2
3382 5393 3431 5453 gr.
3455 5389 3594 5449 Kupfert.
3627 5387 3652 5447 in
3690 5384 3763 5444 Fol.

3197 5433 3283 5493 vont

2814 5494 2979 5554 Königl.
3000 5489 3109 5549 Reg.
3130 5482 3488 5542 Bau⸗Inſpektor
3519 5474 3676 5534 Sachs.

2770 5560 2913 5620 Zugleich
2943 5556 3063 5616 machen
3098 5551 3283 5611 aufmerkſam
3332 5546 3391 5606 auf
3409 5544 3457 5604 die
3480 5543 3534 5603 für
3558 5539 3767 5599 Bau⸗Unter⸗

2727 5606 2869 5666 nehmer,
2891 5600 3066 5660 Architekten
3093 5597 3148 5657 und
3170 5591 3471 5651 Bau⸗Handwerker
3498 5584 3651 5644 wichtigen
3679 5576 3771 5636 Bau⸗

2729 5649 2887 5709 anſchläge
2917 5644 2966 5704 von
2996 5641 3154 5701 Sachs:
3179 5638 3221 5698 1)
3246 5635 3312 5695 Der
3343 5632 3495 5692 Maurer.
3519 5629 3562 5689 2)
3580 5627 3647 5687 Der
3677 5624 3769 5684 Zim⸗

2727 5692 2905 5752 mermann.
2949 5686 2989 5746 3)
3023 5685 3093 5745 Der
3122 5680 3320 5740 Steinmetz,
3359 5675 3562 5735 Stucateur,
3591 5671 3764 5731 Vergolder

2772 5737 2783 5797 1
2802 5737 2813 5797 ¼
2843 5734 2941 5794 Thlr.

2732 5801 2760 5861 34
2783 5798 2928 5858 Linden,
2951 5790 3321 5850 Schlesingersche
3354 5782 3466 5842 Buch-
3494 5780 3531 5840 u.
3551 5777 3771 5837 Musikhdlg.

2743 5970 2805 6030 376
2834 5967 2865 6027 b]

2735 6045 3287 6105 Giesmannsdorfer
3360 6031 3768 6091 Hefenpulver.

2784 6133 2892 6193 Dieſes
2934 6132 3345 6192 neuerfundene
3375 6123 3684 6183 Hefenpulver,
3699 6108 3772 6168 wel⸗

2736 6231 2795 6291 ches
2826 6228 3015 6288 Jahre
3054 6223 3183 6283 lang
3243 6219 3393 6279 ſeine
3442 6212 3760 6272 Triebkraft

3810 687 4025 747 behält,
4046 686 4143 746 hilft
4178 683 4289 743 einem
4338 682 4622 742 weſentlichen
4656 680 4838 740 Mangel

3807 746 3847 806 ab
3888 746 3959 806 und
3999 745 4126 805 bietet
4162 743 4578 803 Wiederverkäufern
4624 739 4837 799 Gelegen⸗

3806 790 3912 850 heit,
3937 789 4064 849 dieſen
4105 788 4227 848 neuen
4268 784 4668 844 Handels⸗Artikel
4699 783 4735 843 in
4775 782 4836 842 die

3806 834 3940 894 Hände
3967 833 4035 893 des
4066 832 4164 892 reſp.
4180 830 4420 890 Publikums
4456 828 4487 888 zu
4513 826 4716 886 bringen,
4737 825 4836 885 ohne

3807 878 3870 938 ſich
3897 877 3962 937 der
3983 876 4143 936 Gefahr
4169 874 4452 934 auszuſetzen,
4473 872 4543 932 daß
4574 870 4687 930 ihnen
4719 867 4836 927 durch

3808 920 3906 980 nicht
3937 919 4129 979 ſchnellen
4175 918 4315 978 Abſatz
4347 917 4409 977 die
4440 916 4591 976 Waare
4632 913 4840 973 verdirbt,

3806 964 3885 1024 was
3915 963 3984 1023 bei
4008 963 4107 1023 jeder
4137 962 4304 1022 anderen
4340 962 4433 1022 Hefe
4462 961 4522 1021 der
4551 959 4645 1019 Fall
4670 959 4724 1019 iſt.

3855 1037 3925 1097 Auf
3966 1037 4199 1097 portofreie
4234 1037 4444 1097 Anfragen
4497 1035 4678 1095 erhalten
4725 1032 4835 1092 Wie⸗

3806 1081 4093 1141 derverkäufer
4121 1080 4267 1140 nähere
4300 1079 4516 1139 Auskunft
4544 1078 4605 1138 von
4642 1078 4708 1138 der

4047 1196 4609 1256 Preßhefen-Fabrik

3853 1278 3907 1338 des
3942 1280 4140 1340 Dominii
4164 1280 4534 1340 Giesmannsdorf
4560 1279 4623 1339 bei
4653 1279 4797 1339 Neiße.

3809 1638 3941 1698 [1951]

3857 1556 4299 1616 Redingson's
4366 1549 4779 1609 Bedachung

4291 1630 4360 1690 mit

3816 1724 4294 1784 galvanisirten
4409 1720 4816 1780 oxydfreien

4088 1808 4590 1868 Eisenplatten.

3859 1902 3914 1962 Die
3939 1900 4117 1960 Erfindung
4147 1897 4355 1957 Eiſenplatten
4390 1896 4528 1956 oxydfrei
4558 1895 4781 1955 herzuſtellen,
4812 1894 4832 1954 zu

3810 1945 4012 2005 galvaniſiren
4053 1942 4109 2002 und
4149 1941 4277 2001 dadurch
4322 1940 4409 2000 gegen
4444 1940 4525 2000 Roſt
4551 1939 4606 1999 und
4642 1938 4698 1998 alle
4728 1937 4846 1997 Witte⸗

3811 1989 4106 2049 rungs⸗Einflüſſe
4133 1987 4160 2047 zu
4193 1986 4323 2046 ſichern,
4356 1985 4411 2045 hat
4443 1984 4493 2044 die
4520 1983 4645 2043 vielfach
4678 1981 4841 2041 angeregte

3811 2034 3942 2094 wichtige
3959 2031 4062 2091 Frage
4073 2030 4187 2090 gelöſt,
4199 2029 4312 2089 welche,
4318 2029 4369 2089 Art
4386 2029 4432 2089 der
4449 2027 4666 2087 Dachdeckung
4688 2027 4729 2087 die
4745 2021 4842 2081 zweck⸗

3811 2078 3954 2138 mäßigſte
3975 2076 4028 2136 und
4055 2075 4124 2135 beſte
4140 2074 4193 2134 ſei,
4209 2074 4262 2134 und
4283 2074 4405 2134 welches
4426 2071 4580 2131 Material
4597 2071 4644 2131 bei
4660 2070 4708 2130 der
4735 2064 4841 2124 größt⸗

3811 2122 3994 2182 möglichſten
4027 2119 4300 2179 Dauerhaftigkeit
4327 2117 4360 2177 am
4399 2115 4516 2175 meiſten
4549 2114 4594 2174 die
4610 2110 4838 2170 Feuersgefahr

3811 2166 4023 2226 vermindere,
4050 2163 4128 2223 ohne
4164 2163 4247 2223 durch
4283 2162 4361 2222 ſeine
4387 2160 4626 2220 Koſtſpieligkeit
4652 2157 4720 2217 eine
4745 2153 4845 2213 allge⸗

3812 2211 3906 2271 meine
3931 2208 4143 2268 Anwendung
4182 2205 4449 2265 auszuſchließen.
4493 2203 4651 2263 Wiewohl
4690 2200 4769 2260 ſchon
4814 2199 4833 2259 in

3811 2255 3859 2315 der
3883 2253 4080 2313 Benennung
4114 2251 4167 2311 des
4196 2250 4373 2310 Materials
4402 2248 4513 2308 ſelbſt,
4542 2246 4589 2306 dem
4643 2243 4748 2303 bisher
4787 2242 4839 2302 nur

3813 2299 3854 2359 die
3890 2297 3958 2357 oben
4004 2295 4164 2355 erwähnte
4190 2294 4387 2354 Eigenſchaft
4418 2290 4563 2350 abging,
4595 2288 4631 2348 um
4682 2287 4729 2347 ihm
4786 2285 4838 2345 vor

3813 2343 3883 2403 allen
3917 2341 4046 2401 anderen
4081 2339 4230 2399 Metallen
4279 2337 4334 2397 und
4369 2335 4616 2395 Compoſitionen
4661 2332 4710 2392 bei
4740 2330 4844 2390 Dach⸗

3813 2386 3968 2446 deckungen
4004 2384 4050 2444 den
4087 2382 4331 2442 unbedingteſten
4367 2380 4486 2440 Vorzug
4522 2375 4765 2435 einzuräumen,
4796 2371 4838 2431 die

3815 2431 4005 2491 Bürgſchaft
4037 2427 4087 2487 für
4125 2427 4174 2487 die
4195 2426 4358 2486 Vortheile
4392 2423 4494 2483 liegt,
4522 2422 4625 2482 welche
4652 2419 4740 2479 deſſen
4772 2416 4842 2476 An⸗

3815 2475 3961 2535 wendung
3996 2473 4153 2533 gewährt,
4174 2471 4194 2531 ſo
4224 2470 4331 2530 wollen
4366 2468 4422 2528 wir
4447 2466 4579 2526 dennoch
4609 2464 4654 2524 die
4680 2461 4842 2521 Aufmerk⸗

3816 2519 3932 2579 ſamkeit
3968 2516 4023 2576 auf
4054 2515 4155 2575 einige
4191 2513 4236 2573 der
4272 2511 4500 2571 weſentlichſten
4541 2508 4703 2568 Vortheile
4734 2504 4851 2564 lenken,

3816 2563 3917 2623 welche
3952 2561 4003 2621 die
4039 2558 4180 2618 Deckung
4216 2555 4272 2615 mit
4307 2553 4474 2613 oxydfreien
4510 2551 4718 2611 Eiſenplatten
4754 2547 4840 2607 gegen

3815 2606 3860 2666 die
3888 2606 3938 2666 mit
3970 2604 4043 2664 Zink
4070 2602 4129 2662 und
4166 2599 4285 2659 anderen
4321 2595 4548 2655 Bedachungen
4581 2593 4750 2653 darbietet.

3840 2682 3876 2742 1)
3902 2678 3942 2738 lst
3978 2676 4067 2736 Eisen
4111 2672 4285 2732 unstreitig
4334 2668 4423 2728 unter
4463 2666 4543 2726 allen
4588 2665 4743 2725 Metallen
4788 2662 4846 2722 das

3905 2719 4122 2779 schätzbarste
4157 2715 4212 2775 und
4248 2712 4476 2772 nützlichste,
4504 2710 4531 2770 es
4567 2708 4646 2768 wird
4693 2706 4842 2766 vermöge

3904 2764 4008 2824 seiner
4037 2761 4213 2821 trefflichen
4243 2756 4494 2816 Eigenschaften
4536 2753 4561 2813 zu
4599 2752 4653 2812 den
4691 2746 4851 2806 wichtig-

3902 2808 3961 2868 sten
4005 2805 4154 2865 Arbeiten
4197 2801 4425 2861 verbraucht,
4453 2797 4626 2857 verbindet
4658 2795 4752 2855 Härte
4787 2792 4846 2852 mit

3906 2849 4239 2909 Geschmeidigkeit,
4258 2846 4340 2906 läſst
4367 2844 4427 2904 sich
4464 2841 4564 2901 gleich
4596 2839 4688 2899 edlen
4724 2837 4853 2897 Metal-

3906 2896 3946 2956 len
3989 2895 4013 2955 in
4048 2893 4150 2953 kaltem
4209 2890 4268 2950 und
4315 2888 4453 2948 warmem
4507 2884 4669 2944 Zustande
4704 2877 4849 2937 schmie-

3905 2939 3988 2999 den,
4022 2937 4076 2997 hat
4114 2936 4219 2996 wenig
4249 2933 4483 2993 Schwindung
4521 2929 4579 2989 und
4626 2926 4739 2986 eignet
4777 2925 4839 2985 sich

3905 2983 4067 3043 deshalb,
4105 2980 4214 3040 durcht
4256 2977 4373 3037 unsere
4415 2974 4599 3034 Erfindung
4649 2971 4851 3031 verbessert,

3906 3027 4156 3087 hauptsächlich
4196 3023 4245 3083 zur
4276 3019 4505 3079 Bedachung.

3834 3109 3870 3169 2)
3897 3105 3955 3165 Die
3986 3100 4045 3160 von
4089 3099 4152 3159 mir
4187 3096 4380 3156 gefrischten
4416 3092 4478 3152 und
4519 3089 4693 3149 gewalzten
4729 3083 4849 3143 Eisen-

3910 3145 4026 3205 platten
4069 3143 4137 3203 sind
4194 3140 4245 3200 vom
4305 3137 4439 3197 feinsten
4486 3131 4852 3191 Holzkohlen-Eisen,

3909 3189 3969 3249 frei
3999 3187 4051 3247 von
4094 3185 4176 3245 allem
4223 3183 4344 3243 Oxyd,
4374 3179 4590 3239 galvanisirt,
4615 3174 4853 3234 komprimirt,

3911 3227 4058 3287 egalisirt
4083 3228 4144 3288 und
4183 3226 4429 3286 unterscheiden
4468 3222 4528 3282 sich
4563 3221 4610 3281 von
4640 3219 4719 3279 allem
4757 3212 4848 3272 übri-

3911 3274 3958 3334 gen
4009 3273 4096 3333 Eisen
4148 3271 4242 3331 durch
4289 3269 4354 3329 sein
4401 3266 4569 3326 moirirtes
4612 3261 4854 3321 Farbenspiel.

3913 3317 4065 3377 Beweis:
4100 3314 4173 3374 Man
4208 3313 4286 3373 kann
4325 3311 4373 3371 die
4408 3310 4534 3370 Platten
4569 3306 4664 3366 gleich
4704 3303 4855 3363 verzinn-

3912 3361 3949 3421 tem
4004 3358 4096 3418 Blech
4133 3356 4250 3416 löten,
4272 3355 4313 3415 sie
4343 3354 4409 3414 sind
4447 3352 4523 3412 sehr
4552 3349 4682 3409 weich,
4703 3347 4828 3407 biegsam

3911 3402 3967 3462 und
4004 3400 4101 3460 lassen
4142 3399 4199 3459 sich
4235 3398 4292 3458 von
4332 3397 4406 3457 allen
4446 3395 4552 3455 Seiten
4584 3391 4715 3451 falzen.

3836 3479 3871 3539 3)
3901 3475 3958 3535 Ein
3996 3472 4179 3532 Eisendach
4222 3469 4322 3529 trotzt
4353 3467 4505 3527 vermöge
4535 3465 4639 3525 seiner
4670 3463 4852 3523 dauerhaf-

3908 3517 3948 3577 ten
3989 3516 4046 3576 und
4082 3514 4156 3574 sechr
4184 3513 4278 3573 festen
4319 3510 4555 3570 Construction
4592 3509 4669 3569 allen
4701 3507 4856 3567 Efemen-

3908 3560 4209 3620 tar-Ereignissen,
4227 3556 4306 3616 kann
4346 3555 4439 3615 durch
4479 3553 4585 3613 keinen
4625 3552 4828 3612 Windsturm

3908 3604 4084 3664 abgerissen
4134 3601 4294 3661 werden,
4327 3598 4449 3658 sichert
4487 3597 4705 3657 vollkommen
4755 3597 4843 3657 gegen

3910 3647 4172 3707 Feuersgefahr,
4198 3644 4288 3704 indem
4349 3643 4379 3703 es
4413 3642 4508 3702 nicht
4547 3641 4603 3701 wie
4646 3640 4724 3700 Zink
4767 3641 4848 3701 oder

3912 3693 3981 3753 Blei
4011 3689 4193 3749 schmilzt,
4223 3687 4283 3747 und
4327 3686 4404 3746 kann
4451 3685 4508 3745 auf
4542 3684 4694 3744 einfache
4729 3679 4853 3739 Weis-

3912 3736 4007 3796 durch
4038 3733 4185 3793 Anstrich
4215 3731 4276 3791 mit
4296 3729 4468 3789 Eisenlack
4494 3728 4736 3788 Jahrhunderte
4767 3726 4853 3786 kon-

3909 3780 4031 3840 servirt
4057 3776 4218 3836 werden.

3844 3863 3877 3923 4)
3906 3861 3999 3921 Kann
4037 3858 4100 3918 man
4142 3856 4184 3916 ein
4222 3854 4403 3914 Eisendach
4454 3851 4483 3911 zu
4521 3849 4597 3909 allen
4634 3848 4844 3908 technischen

3913 3905 3965 3965 und
4014 3902 4201 3962 häuslichen
4250 3897 4404 3957 Zwecken
4449 3893 4644 3953 benutzen,
4672 3891 4758 3951 ohne
4798 3889 4855 3949 be-

3912 3948 4054 4008 fürchten
4092 3945 4121 4005 zu
4159 3942 4310 4002 müssen,
4330 3939 4389 3999 wie
4423 3938 4477 3998 bei
4506 3936 4586 3996 Zink
4619 3934 4745 3994 Platten
4787 3933 4845 3993 und

3912 3992 4004 4052 Falze
4038 3990 4064 4050 zu
4101 3987 4256 4047 vertreten
4297 3984 4356 4044 und
4397 3983 4423 4043 zu
4460 3980 4646 4040 verletzen.

3837 4075 3873 4135 5)
3896 4072 3988 4132 Kann
4011 4068 4075 4128 man
4098 4066 4144 4126 ein
4166 4062 4350 4122 Eisendach
4373 4059 4396 4119 zu
4423 4058 4510 4118 jeder
4529 4055 4707 4115 Jahreszeit
4721 4053 4858 4113 decken,

3912 4113 4003 4173 indem
4054 4110 4112 4170 alle
4137 4107 4284 4167 Arbeiten
4326 4104 4439 4164 vorher
4472 4101 4497 4161 in
4535 4100 4585 4160 den
4623 4097 4844 4157 Werkstätten

3909 4157 4109 4217 geschehen,
4131 4153 4189 4213 und
4225 4151 4282 4211 hat
4309 4149 4403 4209 nicht
4429 4146 4567 4206 nöthig,
4589 4143 4647 4203 wie
4683 4142 4736 4202 bei
4763 4139 4866 4199 Zink,

3911 4196 4014 4256 Feuer
4046 4199 4098 4259 auf
4130 4197 4185 4257 das
4209 4195 4292 4255 Dach
4328 4193 4352 4253 zu
4392 4190 4555 4250 bringen,
4578 4186 4733 4246 wodurch
4769 4183 4864 4243 man-

3911 4243 3980 4303 chem
4036 4242 4183 4302 Unglück
4218 4238 4418 4298 vorgebeugt
4448 4235 4552 4295 wird.

3836 4329 3876 4389 6)
3898 4323 3966 4383 Hat
3997 4319 4059 4379 man
4100 4317 4158 4377 bei
4180 4315 4266 4375 einem
4319 4310 4503 4370 Eisendach
4543 4306 4638 4366 durch
4682 4302 4865 4362 Tempera-

3912 4363 4109 4423 turwechsel
4156 4359 4243 4419 keine
4294 4354 4518 4414 Reparaturen
4574 4350 4602 4410 zu
4648 4346 4866 4406 befürchten,

3914 4407 3972 4467 wie
4007 4407 4057 4467 bei
4088 4404 4195 4464 Zink,
4217 4401 4294 4461 weil
4325 4399 4378 4459 bei
4405 4396 4459 4456 der
4481 4393 4619 4453 gröſsten
4655 4390 4749 4450 Kälte
4772 4387 4861 4447 keine

3917 4451 4029 4511 Falzen
4066 4447 4246 4507 springen.

3845 4531 3876 4591 7)
3903 4526 3966 4586 Bei
3992 4522 4046 4582 dem
4095 4519 4224 4579 Umbau
4260 4515 4354 4575 eines
4380 4511 4510 4571 Hauses
4541 4509 4617 4569 kann
4657 4507 4701 4567 ein
4742 4505 4858 4565 Eisen-

3915 4568 3987 4628 dach
4024 4565 4109 4625 ohne
4146 4555 4336 4615 Verletzung
4377 4556 4483 4616 leicht
4515 4552 4750 4612 abgenommen
4791 4548 4852 4608 und

3915 4611 3985 4671 eben
4023 4609 4048 4669 so
4086 4606 4212 4666 wieder
4237 4602 4401 4662 aufgelegt
4430 4599 4581 4659 werden,
4606 4596 4673 4656 was
4702 4595 4756 4655 bei
4777 4592 4853 4652 Zink

3916 4656 4009 4716 nicht
4037 4653 4088 4713 der
4120 4651 4200 4711 Fall
4223 4649 4284 4709 ist.

3848 4737 3885 4797 8)
3909 4732 3983 4792 Und
4026 4728 4077 4788 das
4124 4723 4325 4783 Wichtigste
4362 4718 4521 4778 endlich:
4554 4712 4858 4772 Eisenbedachun-

3915 4774 3958 4834 gen
4009 4772 4070 4832 sind
4112 4770 4194 4830 trotz
4229 4767 4311 4827 aller
4350 4764 4414 4824 hier
4457 4759 4668 4819 angeführten
4711 4754 4853 4814 Vorzüge

3913 4812 3995 4872 viel
4026 4815 4186 4875 billiger,
4213 4811 4259 4871 als
4290 4810 4350 4870 alle
4382 4806 4518 4866 anderen
4555 4802 4664 4862 bisher
4696 4800 4846 4860 üblichen

3918 4853 4298 4913 Metallbedachungen.
4350 4852 4380 4912 So
4415 4851 4449 4911 z.
4475 4849 4519 4909 B.
4540 4846 4648 4906 kosten
4687 4842 4795 4902 circa:
4825 4840 4851 4900 zu

3919 4907 3967 4967 100
4004 4904 4133 4964 UFuſs
4166 4899 4390 4959 Eisenplatten
4418 4894 4450 4954 10
4482 4890 4579 4950 Thlr,
4600 4889 4681 4949 Zink
4707 4887 4739 4947 16
4767 4885 4873 4945 Thlr.,

3917 4951 3987 5011 Blei
4020 4949 4058 5009 25
4096 4946 4210 5006 Thlr.,
4232 4939 4466 4999 Composition
4509 4934 4547 4994 35
4584 4931 4704 4991 Thlr.,
4732 4929 4856 4989 Kupfer

3914 4995 3945 5055 15
3986 4992 4082 5052 Thlr.
4132 4989 4169 5049 Ja
4206 4986 4306 5046 selbst
4343 4982 4475 5042 Stein-,
4511 4977 4612 5037 Harz-
4648 4975 4707 5035 und
4744 4972 4858 5032 Dorn-

3915 5035 3986 5095 sche
4019 5034 4149 5094 Dächer
4178 5031 4241 5091 sind
4279 5028 4346 5088 viel
4371 5024 4531 5084 theurer,
4560 5021 4648 5081 wenn
4694 5018 4745 5078 die
4778 5016 4867 5076 resp.

3917 5079 4147 5139 kostspieligen
4176 5073 4511 5133 Holzunterbauten,
4532 5064 4779 5124 Reparaturen,
4791 5054 4849 5114 und

3916 5120 3934 5180 im
3994 5125 4160 5185 Vergleich
4197 5120 4257 5180 mit
4275 5112 4603 5172 Eisenbedachung,
4621 5101 4695 5161 sehr
4727 5097 4870 5157 zurück-

3917 5169 4069 5229 stehende
4104 5165 4236 5225 Dauer,
4257 5159 4523 5219 berücksichtigt
4554 5151 4680 5211 werden
4720 5141 4781 5201 und
4820 5141 4872 5201 zur

3920 5213 4136 5273 Berechuung
4168 5207 4348 5267 kommen.

3874 5288 4014 5348 Obſchon
4047 5284 4115 5344 noch
4148 5282 4211 5342 ſehr
4235 5278 4341 5338 Vieles
4374 5273 4446 5333 über
4475 5269 4518 5329 die
4547 5265 4687 5325 nützliche
4715 5259 4773 5319 und
4797 5251 4864 5311 vor⸗

3832 5330 3985 5390 theilhaſte
4018 5323 4231 5383 Verwendung
4263 5315 4481 5375 galvaniſirter
4502 5307 4731 5367 Eiſenplatten,
4752 5302 4800 5362 die
4816 5300 4864 5360 ſich

3833 5373 3944 5433 falzen,
3971 5368 4061 5428 nieten
4098 5365 4157 5425 und
4188 5361 4284 5421 löthen
4316 5356 4427 5416 laſſen,
4448 5354 4475 5414 zu
4512 5351 4672 5411 erwähnen
4704 5347 4810 5407 wäre,
4831 5345 4857 5405 ſo

3833 5414 3976 5474 überlaſſe
4011 5410 4050 5470 ich
4075 5409 4104 5469 es
4139 5406 4208 5466 doch
4233 5402 4326 5462 lieber
4361 5399 4405 5459 der
4435 5396 4568 5456 Einſicht
4593 5394 4652 5454 und
4682 5392 4731 5452 dem
4776 5390 4864 5450 Gut⸗

3835 5456 3926 5516 achten
3962 5453 4013 5513 der
4040 5450 4145 5510 Herren
4181 5444 4519 5504 Bau⸗Unternehmer,
4542 5440 4592 5500 und
4624 5437 4770 5497 bemerken
4807 5434 4865 5494 nur

3837 5499 3920 5559 noch,
3940 5496 4023 5556 wozu
4054 5494 4091 5554 ſie
4122 5492 4169 5552 ſich
4195 5489 4418 5549 hauptſächlich
4449 5485 4548 5545 ferner
4574 5482 4632 5542 ſehr
4662 5479 4871 5539 vortheilhaft

3836 5542 3958 5602 eignen,
3981 5539 4028 5599 als
4056 5536 4192 5596 nämlich
4221 5533 4244 5593 zu
4272 5529 4521 5589 Dachsäumen,
4544 5525 4699 5585 Rinnen,
4722 5521 4867 5581 Ablauf-

3838 5583 3985 5643 röhren,
4016 5575 4215 5635 Gesimsen,
4241 5574 4510 5634 Rauchfängen,
4541 5568 4788 5628 Dachfenster,
4810 5562 4870 5622 Be-

3838 5627 4032 5687 kleidungen
4065 5624 4122 5684 bei
4155 5622 4273 5682 Thüren
4316 5618 4378 5678 und
4411 5616 4543 5676 Läden,
4562 5611 4789 5671 Luftröhren,
4813 5609 4879 5669 Cy-

3839 5672 3961 5732 lindern
4000 5669 4033 5729 u.
4058 5668 4140 5728 dgl.,
4165 5664 4291 5724 sowohl
4321 5663 4374 5723 bei
4398 5661 4524 5721 Eisen-
4549 5659 4597 5719 als
4617 5657 4690 5717 auch
4729 5654 4782 5714 bei
4802 5651 4879 5711 Zie-

3837 5716 3898 5776 gel-
3924 5715 3986 5775 und
4025 5710 4342 5770 Schieferdächern.

3882 5793 4022 5853 Hundert
4048 5790 4251 5850 Quadratfuß
4287 5786 4397 5846 Fläche
4428 5782 4522 5842 koſten
4563 5778 4594 5838 10
4641 5776 4735 5836 Thlr.
4761 5773 4876 5833 preuß.

3840 5837 3981 5897 Courant
4006 5835 4057 5895 per
4087 5833 4260 5893 comptant
4290 5831 4346 5891 frei
4371 5828 4422 5888 vom
4468 5824 4584 5884 Lager.
4630 5820 4751 5880 Nähere
4777 5811 4868 5871 Aus⸗

3840 5882 3919 5942 kunſt
3949 5880 4071 5940 ertheilt
4101 5878 4156 5938 auf
4186 5876 4350 5936 portofreie
4381 5872 4490 5932 Briefe
4527 5868 4575 5928 T.
4600 5863 4875 5923 Redingſon,

3840 5926 4165 5986 Admiralitäts⸗Str.
4185 5922 4252 5982 Nr.
4272 5920 4307 5980 24
4343 5917 4363 5977 in
4399 5913 4583 5973 Hamburg.

6695 497 7650 557 Allgemeine

5885 835 7201 895 Preußiſche
7396 835 8523 895 Zeitung.

5045 517 5115 577 Das
5153 518 5464 578 Abonnement
5492 510 5647 570 beträgt:

5137 565 5142 625 2
5173 573 5300 633 Rthlr.
5326 573 5373 633 für
5410 572 5416 632 ¼
5453 567 5564 627 Jahr.

5133 608 5144 668 4
5173 616 5303 676 Rthlr.
5349 615 5355 675 ⸗
5417 613 5423 673 ½
5463 608 5566 668 Jahr.

5139 653 5144 713 8
5176 661 5303 721 Rthlr.
5345 659 5355 719 ⸗
5414 657 5424 717 1
5456 652 5568 712 Jahr.

5020 718 5044 778 in
5088 717 5170 777 allen
5199 715 5339 775 Theilen
5378 711 5431 771 der
5474 704 5682 764 Monarchie

5150 758 5225 818 ohne
5260 754 5575 814 Preiserhöhung.

5023 809 5514 869 Inſertions⸗Gebühr
5544 799 5598 859 für
5628 794 5677 854 den

5025 851 5115 911 Raum
5179 858 5289 918 einer
5343 851 5428 911 Zeile
5477 846 5532 906 des
5587 839 5692 899 Allg.

5180 899 5364 959 Anzeigers
5397 893 5408 953 2
5446 890 5539 950 Sgr.

8673 572 8743 632 Alte
8763 573 9057 633 Poſt-Anſtalten
9102 571 9157 631 des
9182 571 9246 631 In⸗
9277 566 9341 626 und

8670 611 8866 671 Auslandes
8941 617 9072 677 nehmen
9146 616 9342 676 Beſtellung

8669 656 8719 716 auf
8754 655 8853 715 dieſes
8888 661 8993 721 Blatt
9023 661 9103 721 an,
9138 660 9188 720 für
9218 654 9337 714 Berlin

8666 701 8708 761 die
8735 703 8944 763 Expedition
8981 705 9030 765 der
9062 704 9174 764 Allg.
9191 702 9346 762 Preuſs.

8899 749 9083 809 Zeitung:

8700 790 9141 850 Friedrichsſtraſse
9172 791 9242 851 Nr.
9269 788 9329 848 72.

5062 1126 5155 1186 No
5237 1120 5436 1180 142.

6352 1089 6678 1149 Berlin,
6737 1092 7109 1152 Sonntag
7182 1089 7309 1149 den
7382 1087 7509 1147 19ten
7568 1086 7998 1146 November

9110 1098 9350 1158 1843.

5550 1313 5904 1373 Inhalt.

5024 1376 5244 1436 Amtlicher
5288 1366 5432 1426 Theil.

5025 1419 5206 1479 Inland.
5254 1412 5558 1472 Aſchersleben.
5600 1408 5782 1468 Durchreiſe
5807 1407 5855 1467 des
5891 1405 6031 1465 Königs.
6061 1404 6067 1464 —
6122 1401 6438 1461 Mühlhauſen.

5071 1461 5229 1521 Daukfeier
5272 1457 5320 1517 der
5344 1454 5718 1514 Eliſabeth⸗Stiftung.
5757 1452 5766 1512 —
5828 1449 5996 1509 Berlin.
6044 1446 6336 1506 Bekanntmachung
6375 1444 6422 1504 des

5070 1500 5466 1560 Kriegs⸗Miniſteriums.
5500 1498 5509 1558 —
5572 1495 6035 1555 Perſonal⸗Veränderungen
6079 1491 6103 1551 in
6142 1491 6195 1551 der
6224 1490 6354 1550 Armee.
6402 1490 6412 1550 —

5077 1546 5199 1606 Bonn.
5245 1543 5535 1603 Immatriculation
5571 1541 5617 1601 des
5653 1540 5776 1600 Prinzen
5812 1538 5916 1598 Georg
5948 1537 6003 1597 von
6039 1535 6203 1595 Preußen.
6243 1534 6252 1594 —
6307 1529 6435 1589 Köln.

5078 1593 5198 1653 Fortbau
5235 1590 5267 1650 am
5319 1588 5418 1648 Dom.
5450 1585 5460 1645 —
5508 1583 5796 1643 Königsberg.
5838 1581 6021 1641 Durchreiſe
6052 1580 6100 1640 des
6136 1578 6341 1638 Großfürſten
6378 1575 6446 1635 Mi⸗

5073 1637 5162 1697 chael.
5192 1635 5202 1695 —
5251 1632 5360 1692 Verein
5395 1630 5444 1690 zur
5474 1629 5696 1689 Unterſtützung
5730 1627 5824 1687 armer
5859 1625 6082 1685 Schulkinder.

5032 1682 5222 1742 Deutſche
5258 1676 5632 1736 Bundesſtgaaten.
5667 1672 5684 1732 2
5710 1672 5718 1732 g
5737 1671 5858 1731 perß.
5893 1669 6118 1729 Nünchen.
6154 1658 6433 1718 Unterſtitzungs⸗

5082 1724 5181 1784 Verein
5210 1722 5268 1782 für
5296 1718 5589 1778 Kanzlei⸗Beamte.
5625 1717 5639 1777 —
5697 1714 5897 1774 Sammlung
5933 1713 5976 1773 für
6011 1712 6062 1772 die
6098 1711 6155 1771 aus
6198 1710 6419 1770 Griechenland

5075 1765 5371 1825 Zurückkehrenden.
5394 1762 5406 1822 —
5459 1761 5621 1821 Baden.
5662 1758 5917 1818 Karlsruhe.
5958 1755 6173 1815 Uebernahme
6202 1754 6254 1814 des
6284 1753 6434 1813 Miniſte⸗

5072 1811 5165 1871 riums
5195 1809 5244 1869 des
5279 1806 5496 1866 Auswärtigen
5530 1804 5613 1864 durch
5643 1803 5736 1863 Herrn
5771 1802 5820 1862 von
5859 1800 5977 1860 Duſch.
6012 1800 6022 1860 —
6086 1799 6248 1859 Großh.
6268 1796 6436 1856 Heſſen.

5079 1854 5322 1914 Oarmſtadt.
5364 1849 5628 1909 Vorbereitungen
5670 1848 5721 1908 zum
5763 1845 5939 1905 Empfange
5970 1844 6027 1904 des
6059 1842 6266 1902 Großfürſten
6307 1840 6437 1900 Thron⸗

5076 1898 5185 1958 folgers
5219 1896 5273 1956 von
5313 1894 5486 1954 Rußland.

5035 1943 5384 2003 Oeſterreichiſche
5415 1939 5684 1999 Monarchie.
5734 1935 5896 1995 Schreiben
5932 1934 5982 1994 aus
6018 1932 6155 1992 Wien.
6206 1930 6439 1990 (Adels⸗Ver⸗

5075 1983 5216 2043 leihung;
5240 1982 5581 2042 Leichen⸗Kammern;
5610 1981 5785 2041 Selenite.)

5034 2029 5298 2089 Frankreich.
5342 2025 5497 2085 Paris.
5533 2024 5607 2084 Das
5636 2022 5828 2082 Journal
5857 2021 5923 2081 des
5945 2019 6114 2079 Débats
6151 2019 6232 2079 über
6254 2018 6298 2078 die
6327 2017 6446 2077 Majo⸗

5077 2071 5338 2131 renn⸗Ertlärung
5370 2069 5418 2129 der
5444 2068 5578 2128 Königin
5615 2065 5775 2125 Iſabella.
5802 2065 5812 2125 —
5866 2062 6047 2122 Bewegung
6079 2062 6101 2122 im
6148 2062 6244 2122 Hotel
6266 2061 6314 2121 der
6346 2058 6442 2118 Köni⸗

5076 2116 5116 2176 gin
5150 2115 5319 2175 Chriſtine.
5344 2115 5354 2175 —
5403 2112 5696 2172 Transatlantiſche
5720 2108 5963 2168 Dampfſchiffe.
5988 2107 5998 2167 —
6053 2106 6211 2166 Aufhören
6256 2105 6300 2165 der
6330 2103 6444 2163 Ueber⸗

5078 2159 5357 2219 ſchwemmungen.
5382 2159 5391 2219 —
5448 2157 5671 2217 Vermiſchtes.

5037 2204 5359 2264 Großbritanien
5398 2203 5474 2263 und
5505 2200 5689 2260 Irland.
5727 2198 5927 2258 London.
5957 2199 6103 2259 Ankunft
6126 2200 6180 2260 des
6211 2195 6349 2255 Herzogs
6380 2186 6425 2246 von

5078 2247 5251 2307 Nemours.
5285 2246 5294 2306 —
5342 2245 5511 2305 Erklärung
5549 2244 5602 2304 des
5645 2242 5866 2302 Standard
5914 2240 5981 2300 über
6025 2239 6068 2299 die
6106 2237 6342 2297 Veranlaſſung
6389 2236 6437 2296 der

5078 2291 5162 2351 Reiſe
5186 2290 5237 2350 des
5270 2290 5402 2350 Herzogs
5434 2290 5486 2350 von
5519 2287 5702 2347 Nemours.
5725 2286 5739 2346 —
5786 2284 6012 2344 Vermiſchtes.

5041 2336 5227 2396 Schweiz.
5278 2334 5440 2394 Luzern.
5480 2331 5768 2391 Antwortſchreiben
5803 2330 5854 2390 des
5884 2328 6016 2388 Vororts
6056 2327 6086 2387 an
6122 2326 6254 2386 Zürich.

5038 2377 5242 2437 Spanien.
5293 2378 5428 2438 Paris.
5474 2376 5718 2436 Telegraphiſche
5740 2373 5950 2433 Nachrichten.
5973 2372 5990 2432 —
6041 2371 6148 2431 Briefe
6171 2370 6233 2430 aus
6256 2369 6444 2429 Madrid.

5080 2416 5229 2476 (Näheres
5267 2422 5339 2482 über
5363 2421 5407 2481 den
5445 2420 5651 2480 Mordanfall
5676 2418 5728 2478 auf
5747 2417 5892 2477 Narvaez
5916 2416 5969 2476 und
6007 2415 6050 2475 die
6074 2413 6338 2473 Verhandlungen
6367 2413 6434 2473 über

5081 2463 5123 2523 die
5149 2463 5605 2523 Volljährigkeits⸗Erklärung
5636 2462 5684 2522 der
5705 2461 5880 2521 Königin.)
5912 2460 5922 2520 —
5964 2459 6028 2519 und
6060 2459 6208 2519 Paris.
6235 2454 6430 2514 (Barcelona

5080 2500 5186 2560 ſcheint
5210 2505 5259 2565 der
5292 2508 5461 2568 Uebergabe
5486 2507 5587 2567 nahe;
5616 2506 5775 2566 Gerona.)

5040 2550 5355 2610 Griechenland.
5400 2551 5562 2611 Schreiben
5606 2550 5661 2610 aus
5705 2548 5916 2608 München.
5960 2547 6232 2607 (Nachträgliches
6271 2546 6345 2606 über
6379 2545 6433 2605 das

5094 2592 5234 2652 Schickſal
5264 2593 5313 2653 der
5337 2595 5503 2655 Deutſchen
5533 2595 5557 2655 in
5594 2592 5844 2652 Griechenland;
5875 2590 6131 2650 Geldſendungen
6162 2588 6290 2648 dahin;
6315 2588 6358 2648 die
6382 2590 6456 2650 Op⸗

5082 2637 5200 2697 voſition
5235 2645 5293 2705 auf
5319 2639 5437 2699 Hydra;
5461 2639 5505 2699 die
5530 2638 5702 2698 bayerſchen
5727 2637 5850 2697 Meiſter
5880 2635 5933 2695 und
5963 2634 6012 2694 die
6042 2633 6229 2693 griechiſchen
6258 2632 6440 2692 Lehrlinge.)

5038 2677 5280 2737 Vereinigte
5314 2682 5482 2742 Staaten
5521 2684 5585 2744 von
5625 2682 5984 2742 Nord⸗Amerika.
6033 2677 6206 2737 Schreiben
6240 2676 6300 2736 aus
6334 2676 6442 2736 New⸗

5077 2724 5191 2784 York.
5235 2725 5556 2785 (Wiederherſtellung
5596 2726 5645 2786 der
5690 2725 5952 2785 Unabhängigkeit
5987 2722 6041 2782 der
6081 2719 6447 2779 Sandwichs⸗Inſeln:

5085 2766 5306 2826 Umſichareifen
5338 2767 5384 2827 des
5416 2767 5517 2827 gelben
5549 2769 5710 2829 Fiebers.)

5048 2809 5275 2869 Braſilien.
5322 2810 5389 2870 Rio
5430 2812 5632 2872 Janeiro.
5678 2810 6217 2870 Vermählungs⸗Feierlichkeiten.
6248 2807 6258 2867 —
6315 2809 6439 2869 Bevor⸗

5092 2846 5228 2906 ſtehender
5267 2853 5383 2913 Schluß
5417 2853 5471 2913 der
5500 2854 5875 2914 Kammer⸗Sitzungen.

5048 2898 5357 2958 Eiſenbahnen.
5393 2897 5484 2957 Brief
5514 2896 5575 2956 aus
5605 2897 5732 2957 Prag.
5775 2895 5969 2955 (Geſetzliche
5999 2895 6254 2955 Beſtimmungen
6296 2895 6375 2955 über
6399 2896 6441 2956 die

5092 2940 5362 3000 Entſchädigungen
5411 2940 5455 3000 bei
5485 2941 5903 3001 Staats⸗Eiſenbahnen.)
5942 2942 5957 3002 —
6016 2940 6242 3000 Mailand.
6281 2938 6443 2998 Venedig⸗

5097 2986 5279 3046 Mailänder
5306 2984 5420 3044 Bahn.

5044 3033 5246 3093 Handels⸗
5277 3031 5342 3091 und
5378 3030 5860 3090 Börſen⸗Nachrichten.
5905 3029 6083 3089 Berlin,
6108 3028 6306 3088 Stettin,
6341 3027 6448 3087 Dan⸗

5092 3073 5167 3133 zig,
5187 3073 5400 3133 Breslau,
5420 3072 5714 3132 Magdeburg,
5729 3071 5951 3131 Hamburg.
5971 3070 6214 3130 Marktbericht.
6245 3067 6250 3127 —
6301 3066 6453 3126 Paris.

5096 3113 5226 3173 Börſe.

5045 3204 5266 3264 Beilage.
5302 3200 5479 3260 Inland.
5514 3199 5717 3259 Breslau.
5752 3200 6050 3260 Bernſtein⸗Lager.
6075 3200 6328 3260 Liegnitz.
6363 3198 6449 3258 Hun⸗

5086 3246 5288 3306 dertjähriges
5318 3245 5460 3305 Denkfeſt
5490 3243 5536 3303 der
5566 3243 5688 3303 Schule
5724 3243 5749 3303 zu
5779 3243 5972 3303 Eckersdorf.
6017 3244 6027 3304 —
6093 3245 6296 3305 Deutſche
6326 3246 6448 3306 Bun⸗

5088 3284 5341 3344 desſtaaten.
5376 3286 5490 3346 Freie
5520 3285 5694 3345 Städte.
5724 3287 5942 3347 Frankfurt
5967 3288 6001 3348 a.
6017 3288 6076 3348 M.
6101 3288 6409 3348 Preis⸗Aufgaben.
6423 3289 6433 3349 —

5097 3332 5284 3392 Mexiko.
5329 3333 5492 3393 Schreiben
5536 3332 5591 3392 aus
5640 3332 5788 3392 Paris.
5842 3332 5980 3392 (Verbot
6015 3332 6069 3392 des
6104 3332 6361 3392 Detailhandels
6405 3333 6454 3393 für

5088 3367 5317 3427 Ausländer.)

5047 3417 5105 3477 Die
5129 3416 5498 3476 Verbrecher⸗Kolonieen
5532 3414 5720 3474 Englands.
5769 3411 5948 3471 (Schluß.)

5375 3680 5787 3740 Amtlicher
5870 3680 6130 3740 Theil.

5095 3771 5169 3831 Se.
5192 3774 5362 3834 Majeſtät
5391 3766 5442 3826 der
5477 3761 5579 3821 König
5619 3764 5716 3824 haben
5756 3765 6000 3825 Allergnädigſt
6029 3767 6178 3827 geruht:

5154 3815 5212 3875 Dem
5281 3815 5399 3875 Major
5446 3814 5521 3874 von
5564 3813 5925 3873 Wolffersdorff
5968 3813 6021 3873 der
6063 3815 6133 3875 7ten
6180 3814 6451 3874 Gendarmerie⸗

5058 3861 5199 3921 Brigade
5237 3861 5301 3921 und
5334 3860 5383 3920 dem
5437 3860 5616 3920 Geheimen
5654 3861 5913 3921 Medizinalrath
5946 3860 6006 3920 und
6049 3862 6223 3922 Profeſſor
6255 3862 6325 3922 Dr.
6342 3864 6444 3924 Otto

5052 3922 5076 3982 zu
5118 3921 5294 3981 Breslau,
5318 3914 5367 3974 den
5403 3912 5530 3972 Rothen
5561 3912 5798 3972 Adler⸗Orden
5834 3911 5949 3971 dritter
5968 3911 6083 3971 Klaſſe
6113 3912 6168 3972 mit
6198 3913 6252 3973 der
6283 3915 6460 3975 Schleife;

5053 3964 5075 4024 ſo
5114 3966 5170 4026 wie
5198 3966 5254 4026 dem
5310 3963 5410 4023 Land⸗
5444 3962 5505 4022 und
5544 3959 6014 4019 Stadtgerichts⸗Direktor,
6047 3959 6466 4019 Ober⸗Landesgerichts⸗

5055 4012 5125 4072 rath
5157 4014 5271 4074 Horn
5320 4012 5342 4072 zu
5379 4011 5601 4071 Bromberg,
5634 4008 5694 4068 und
5737 4007 5785 4067 dem
5845 4008 6116 4068 Bürgermeiſter
6154 4009 6386 4069 Havenith
6424 4007 6446 4067 zu

5060 4062 5163 4122 Rären
5189 4062 5210 4122 im
5251 4060 5359 4120 Kreiſe
5375 4059 5515 4119 Eupen,
5535 4057 5587 4117 den
5618 4056 5742 4116 Rothen
5773 4055 6006 4115 Adler⸗Orden
6038 4055 6156 4115 vierter
6177 4056 6311 4116 Klaſſe;
6342 4053 6446 4113 ferner

5158 4112 5235 4172 Beim
5276 4108 5634 4168 Kriegs⸗Miniſterium
5685 4105 5737 4165 dem
5784 4105 5965 4165 Geheimen
6006 4106 6239 4166 expedirenden
6270 4106 6468 4166 Secretair,

5053 4157 5247 4217 Kriegsrath
5292 4156 5481 4216 Aſchoff,
5503 4158 5553 4218 den
5592 4156 5770 4216 Charakter
5803 4155 5854 4215 als
5887 4155 6070 4215 Geheimer
6104 4156 6466 4216 Rechnungs⸗Rath,

5055 4208 5101 4268 dem
5153 4208 5335 4268 Geheimen
5376 4208 5609 4268 expedirenden
5645 4205 5822 4265 Secretair
5868 4205 5925 4265 und
5956 4205 6158 4265 Kalkulator
6199 4205 6459 4265 Landſchulz

5059 4254 5109 4314 den
5147 4254 5331 4314 Charakter
5370 4254 5414 4314 als
5459 4254 5686 4314 Kriegsrath,
5720 4254 5775 4314 dem
5825 4254 6008 4314 Geheimen
6053 4255 6269 4315 Regiſtrator
6308 4254 6458 4314 Fiebig

5054 4312 5104 4372 den
5139 4309 5332 4369 Charakter
5368 4308 5414 4368 als
5454 4304 5830 4364 Regiſtratur⸗Rath,
5871 4303 5927 4363 und
5968 4303 6023 4363 dem
6084 4302 6272 4362 Geheimen
6308 4303 6465 4363 Kanzlei⸗

5059 4359 5228 4419 Inſpektor
5265 4355 5435 4415 Walter
5467 4354 5520 4414 den
5552 4353 5738 4413 Charakter
5770 4354 5818 4414 als
5850 4353 6067 4413 Kanzleirath
6104 4353 6131 4413 zu
6168 4353 6360 4413 verleihen.

5163 4495 5218 4555 Bei
5252 4492 5308 4552 der
5336 4490 5431 4550 heute
5466 4487 5679 4547 ſortgeſetzten
5706 4485 5853 4545 Ziehung
5892 4487 5943 4547 der
5970 4487 6049 4547 4ten
6077 4486 6183 4546 Klaſſe
6212 4486 6319 4546 88ſter
6341 4484 6475 4544 König⸗

5059 4544 5148 4604 lichen
5186 4540 5499 4600 Klaſſen⸗Lotterie
5541 4535 5594 4595 fiel
5621 4534 5663 4594 ein
5700 4534 5949 4594 Hauptgewinn
5987 4535 6045 4595 von
6087 4534 6214 4594 10,0000
6252 4534 6379 4594 Rthlr.
6411 4534 6469 4594 auf

5064 4593 5129 4653 Nr.
5161 4589 5249 4649 1997
5298 4588 5319 4648 in
5352 4586 5466 4646 Berlin
5510 4585 5564 4645 bei
5591 4584 5722 4644 Klage;
5759 4584 5770 4644 2
5808 4584 5977 4644 Gewinne
6020 4584 6048 4644 zu
6091 4585 6178 4645 2000
6227 4584 6346 4644 Rthlr.
6374 4583 6460 4643 fielen

5059 4638 5112 4698 auf
5143 4637 5212 4697 Nr.
5233 4635 5365 4695 50,924
5402 4635 5461 4695 und
5493 4633 5619 4693 81,243
5662 4632 5683 4692 in
5709 4633 5820 4693 Berlin
5857 4635 5910 4695 bei
5926 4635 6063 4695 Seeger
6096 4634 6154 4694 und
6196 4634 6265 4694 nach
6292 4633 6444 4693 Potsdam

5060 4689 5111 4749 bei
5134 4687 5265 4747 Hiller;
5304 4684 5344 4744 31
5373 4683 5543 4743 Gewinne
5572 4682 5600 4742 zu
5640 4679 5725 4739 1000
5753 4683 5879 4743 Rthlr.
5902 4683 5952 4743 auf
5981 4682 6060 4742 Nr.
6072 4682 6186 4742 3716.
6214 4682 6334 4742 9727.
6356 4682 6471 4742 9731.

5060 4732 5208 4792 16,208.
5251 4730 5400 4790 17,021.
5419 4726 5573 4786 21,104.
5598 4725 5753 4785 22,090.
5772 4727 5932 4787 23,640.
5951 4729 6112 4789 31,759.
6137 4729 6292 4789 33,746.
6316 4729 6472 4789 35,815.

5060 4785 5206 4845 40,384.
5246 4782 5398 4842 45,113.
5421 4780 5573 4840 48,630.
5597 4778 5754 4838 50,565.
5771 4780 5929 4840 52,135.
5952 4780 6109 4840 52,359.
6133 4780 6296 4840 60,457.
6319 4778 6472 4838 60,512.

5060 4836 5211 4896 60,540.
5247 4830 5399 4890 64,826.
5423 4828 5575 4888 66,112.
5599 4828 5751 4888 67,910.
5775 4829 5932 4889 69,145.
5950 4831 6109 4891 69,692.
6133 4830 6290 4890 76,427.
6320 4829 6473 4889 77,321.

5066 4884 5212 4944 78,157.
5236 4879 5388 4939 82,827.
5412 4877 5540 4937 83,117
5575 4878 5633 4938 und
5669 4878 5798 4938 83,559
5838 4880 5862 4940 in
5903 4881 6014 4941 Berlin
6055 4881 6107 4941 bei
6131 4883 6260 4943 Burg,
6289 4881 6341 4941 bei
6371 4879 6470 4939 Mar⸗

5068 4935 5153 4995 cuſe,
5176 4935 5187 4995 2
5204 4934 5272 4994 mal
5301 4931 5352 4991 bei
5375 4928 5528 4988 Meſtag,
5562 4927 5574 4987 2
5591 4928 5659 4988 mal
5682 4929 5739 4989 bei
5761 4930 5881 4990 Moſer
5909 4931 5966 4991 und
6006 4930 6017 4990 5
6040 4930 6103 4990 mal
6125 4931 6182 4991 bei
6211 4929 6370 4989 Seeger,
6393 4928 6466 4988 nach

5075 4983 5211 5043 Breslau
5256 4982 5307 5042 bei
5335 4978 5545 5038 Gerſtenberg
5591 4978 5648 5038 und
5693 4978 5704 5038 2
5721 4978 5784 5038 mal
5812 4979 5863 5039 bei
5891 4979 6101 5039 Schreiber,
6141 4978 6346 5038 Düſſeldorf
6374 4977 6385 5037 2
6402 4977 6442 5037 ma

5069 5026 5119 5086 bei
5146 5026 5280 5086 Spatz,
5302 5028 5396 5088 Glatz
5424 5027 5474 5087 bei
5501 5027 5645 5087 Braun,
5668 5027 5884 5087 Halberſtadt
5912 5029 5962 5089 bei
5989 5028 6223 5088 Sußmann,
6245 5027 6339 5087 Halle
6372 5027 6389 5087 3
6406 5027 6466 5087 mal

5070 5081 5117 5141 bei
5144 5080 5329 5140 Lehmann,
5350 5077 5504 5137 Iſerlohn
5542 5076 5552 5136 2
5573 5076 5636 5136 mal
5663 5077 5716 5137 bei
5742 5078 5949 5138 Hellmann,
5981 5079 6156 5139 Landshut
6188 5077 6241 5137 bei
6273 5076 6475 5136 Naumann,

5069 5130 5205 5190 Liegnitz
5241 5129 5254 5189 2
5279 5127 5334 5187 mal
5372 5124 5421 5184 bei
5464 5125 5656 5185 Leitgebel,
5688 5126 5911 5186 Magdeburg
5954 5128 6010 5188 bei
6047 5127 6233 5187 Brauns,
6263 5125 6468 5185 Merſeburg

5067 5180 5118 5240 bei
5146 5178 5356 5238 Kieſelbach,
5385 5175 5601 5235 Nordhauſen
5634 5176 5686 5236 bei
5720 5176 5953 5236 Schlichteweg
5998 5177 6061 5237 und
6094 5177 6169 5237 nach
6208 5175 6339 5235 Stettin
6379 5174 6390 5234 2
6407 5174 6476 5234 mal

5066 5227 5116 5287 bei
5149 5226 5343 5286 Wilsnach;
5371 5224 5410 5284 28
5460 5224 5626 5284 Gewinne
5670 5224 5698 5284 zu
5748 5224 5809 5284 500
5859 5226 5982 5286 Rthlr.
6026 5227 6081 5287 auf
6109 5225 6186 5285 Nr.
6209 5224 6325 5284 2607.
6359 5223 6476 5283 6347.

5069 5272 5211 5332 10,028.
5241 5270 5390 5330 13,168.
5408 5270 5562 5330 20,272.
5586 5273 5740 5333 22,361.
5764 5274 5918 5334 26,336.
5942 5274 6102 5334 28,857.
6132 5272 6286 5332 32,245.
6315 5272 6477 5332 35,734.

5073 5320 5210 5380 40,386.
5239 5320 5387 5380 41,853.
5411 5320 5564 5380 44,334.
5595 5322 5749 5382 46,931.
5766 5321 5926 5381 47,228.
5944 5322 6104 5382 50,336.
6134 5323 6288 5383 53,375.
6323 5321 6478 5381 57,684.

5067 5372 5209 5432 63,479.
5232 5370 5386 5430 64,194.
5410 5370 5564 5430 67,317.
5587 5370 5747 5430 68,302.
5765 5372 5925 5432 74,189.
5949 5372 6102 5432 75,446.
6126 5371 6285 5431 77,394.
6316 5370 6476 5430 80,313.

5067 5421 5189 5481 80,729
5233 5420 5295 5480 und
5333 5420 5467 5480 83,927
5500 5420 5522 5480 in
5566 5422 5689 5482 Berlin
5733 5423 5784 5483 bei
5811 5423 5956 5483 Baller,
5984 5422 6039 5482 bei
6072 5422 6161 5482 Burg
6206 5421 6267 5481 und
6301 5421 6312 5481 2
6334 5422 6401 5482 mal
6423 5422 6479 5482 bei

5069 5472 5223 5532 Seeger,
5259 5469 5330 5529 nach
5354 5469 5502 5529 Breslau
5549 5470 5603 5530 bei
5626 5471 5786 5531 Holſchau
5827 5471 5893 5531 und
5928 5472 5940 5532 5
5957 5472 6023 5532 mal
6058 5472 6112 5532 bei
6136 5471 6355 5531 Schreiber,
6385 5469 6467 5529 Cöln

5068 5521 5079 5581 2
5096 5521 5158 5581 mal
5187 5520 5238 5580 bei
5266 5520 5459 5580 Reimbold,
5481 5522 5612 5582 Danzig
5646 5522 5697 5582 bei
5726 5521 5879 5581 Rotzoll,
5907 5521 6105 5581 Düſſeldorf
6133 5521 6185 5581 bei
6219 5520 6349 5580 Spatz,
6377 5518 6480 5578 Glatz

5068 5570 5116 5630 bei
5149 5569 5306 5629 Braun,
5339 5566 5469 5626 Glogau
5513 5564 5567 5624 bei
5594 5569 5789 5629 Levyſohn,
5811 5569 6028 5629 Halberſtadt
6061 5570 6072 5630 2
6093 5570 6153 5630 mal
6185 5570 6240 5630 bei
6267 5569 6479 5629 Sußmann,

5078 5620 5165 5680 Halle
5193 5619 5246 5679 bei
5281 5619 5466 5679 Lehmaun,
5495 5618 5710 5678 Königsberg
5744 5618 5767 5678 in
5808 5619 5883 5679 Pr.
5907 5620 5918 5680 2
5935 5620 5993 5680 mal
6028 5620 6080 5680 bei
6103 5619 6294 5679 Heygſter,
6336 5618 6481 5678 Liegnitz

5073 5657 5121 5717 bei
5144 5665 5334 5725 Leitgebel,
5351 5667 5558 5727 Magdeburg
5594 5668 5647 5728 bei
5670 5667 5866 5727 Büchting,
5896 5668 6168 5728 Marienwerder
6197 5668 6250 5728 bei
6280 5667 6482 5727 Beſtvater,

5080 5715 5195 5775 Sagan
5241 5713 5254 5773 2
5279 5714 5343 5774 mal
5376 5714 5433 5774 bei
5465 5714 5697 5774 Wieſenthal,
5735 5716 5947 5776 Weißenfels
5992 5717 6043 5777 bei
6082 5717 6249 5777 Hommel
6287 5717 6352 5777 und
6397 5716 6473 5776 nach

5074 5761 5223 5821 Wrietzen
5268 5762 5323 5822 bei
5356 5763 5517 5823 Paetſch;
5556 5762 5589 5822 53
5628 5760 5794 5820 Gewinne
5833 5764 5861 5824 zu
5905 5765 5966 5825 200
6010 5766 6138 5826 Rthlr.
6171 5766 6232 5826 auf
6265 5765 6343 5825 Nr.
6370 5764 6482 5824 1047.

5079 5809 5183 5869 4554.
5223 5809 5340 5869 7498.
5374 5810 5525 5870 10,016.
5560 5806 5717 5866 10,979.
5746 5810 5902 5870 11,012.
5937 5815 6094 5875 12,570.
6134 5813 6291 5873 12,759.
6332 5805 6483 5865 14,697.

5081 5857 5226 5917 14,840.
5262 5858 5413 5918 15,559.
5443 5859 5594 5919 20,915.
5612 5857 5769 5917 22,437.
5788 5859 5939 5919 23,652.
5963 5863 6120 5923 24,982.
6138 5863 6302 5923 25,088.
6326 5862 6484 5922 25,938.

5079 5909 5224 5969 27,551.
5254 5908 5411 5968 28,323.
5442 5907 5593 5967 31,951.
5611 5904 5768 5964 33,102.
5787 5908 5938 5968 33,927.
5962 5912 6119 5972 35,471.
6144 5912 6301 5972 39,148.
6332 5910 6484 5970 10,312.

5080 5958 5222 6018 42,082.
5252 5958 5405 6018 43,164.
5441 5958 5589 6018 43,922.
5613 5958 5761 6018 44,614.
5785 5958 5938 6018 46,949.
5962 5961 6116 6021 47,422.
6146 5963 6299 6023 47,613.
6329 5961 6484 6021 47,916.

5082 6007 5224 6067 47,920.
5254 6007 5413 6067 50,516.
5435 6006 5594 6066 52,725.
5616 6004 5767 6064 53,032.
5782 6006 5941 6066 54,382.
5956 6010 6122 6070 54,557.
6144 6010 6303 6070 55,135.
6325 6008 6484 6068 60,557.

5072 6055 5223 6115 62,610.
5254 6055 5412 6115 65,160.
5437 6057 5589 6117 65,227.
5614 6054 5765 6114 72,044.
5784 6054 5942 6114 73,061.
5961 6057 6118 6117 73,155.
6144 6060 6301 6120 76,177.
6333 6059 6485 6119 77,562.

5074 6105 5220 6165 78,174.
5261 6105 5418 6165 78,722.
5442 6104 5564 6164 79,093
5606 6104 5664 6164 und
5699 6097 5852 6157 83,244.

5172 6155 5316 6215 Berlin,
5337 6155 5386 6215 den
5429 6155 5493 6215 18.
5519 6153 5707 6213 November
5739 6151 5852 6211 1843.

5313 6204 5491 6264 Königl.
5514 6206 6250 6266 General⸗Lotterie⸗Direction.

6592 1293 6661 1353 Dem
6709 1292 7033 1352 Bau⸗Conducteur
7065 1291 7230 1351 Müller
7267 1290 7326 1350 und
7363 1288 7598 1348 Fabrikbeſitzer
7635 1286 7762 1346 Henry
7800 1285 7884 1345 Gau

6497 1342 6519 1402 zu
6557 1341 6796 1401 Oranienburg
6834 1340 6866 1400 iſt
6894 1340 6991 1400 unter
7024 1339 7073 1399 dem
7127 1339 7187 1399 15.
7214 1338 7404 1398 November
7437 1336 7518 1396 1843
7556 1336 7599 1396 ein
7643 1335 7767 1395 Patent

6694 1390 6746 1450 auf
6782 1389 6850 1449 eine
6881 1388 6933 1448 für
6970 1389 7017 1449 neu
7059 1389 7116 1449 und
7153 1388 7403 1448 eigenthümlich
7439 1384 7628 1444 erachtete,
7659 1383 7747 1443 durch
7789 1384 7898 1444 Zeich⸗

6693 1439 6772 1499 nung
6815 1438 6868 1498 und
6905 1438 7149 1498 Beſchreibung
7181 1436 7441 1496 nachgewieſene
7467 1433 7685 1493 Vorrichtung
7722 1433 7770 1493 zum
7823 1433 7886 1493 Pa⸗

6695 1485 6770 1545 riren
6815 1488 6934 1548 ſcheuer
6969 1487 7223 1547 Wagenpferde

6499 1540 6552 1600 auf
6583 1538 6599 1598 5
6637 1538 6780 1598 Jahre,
6816 1537 6870 1597 von
6902 1536 6992 1596 jenem
7040 1536 7135 1596 Tage
7178 1535 7209 1595 an
7252 1534 7443 1594 gerechnet,
7475 1533 7533 1593 und
7576 1531 7629 1591 für
7660 1531 7708 1591 den
7745 1531 7888 1591 Umfang

6500 1590 6545 1650 der
6576 1589 6780 1649 Monarchie
6815 1586 6943 1646 ertheilt
6978 1582 7132 1642 worden.

6705 1845 7343 1905 Nichtamtlicher
7428 1845 7694 1905 Theil.

7025 1946 7391 2006 Inland.

6610 2024 6622 2084 *
6671 2023 7036 2083 Aſchersleben,
7073 2020 7135 2080 14.
7159 2018 7264 2078 Nov.
7327 2017 7432 2077 Heute
7469 2016 7580 2076 Abend
7629 2014 7722 2074 gegen
7777 2013 7790 2073 7
7839 2012 7902 2072 Uhr

6506 2075 6560 2135 ſind
6598 2074 6674 2134 Se.
6695 2072 6886 2132 Majeſtät,
6918 2071 7016 2131 unſer
7043 2070 7168 2130 innigſt
7195 2068 7363 2128 verehrter
7396 2067 7526 2127 König,
7559 2066 7629 2126 Se.
7656 2063 7825 2123 Majeſtät
7852 2061 7900 2121 der

6504 2124 6602 2184 König
6655 2123 6707 2183 von
6753 2122 6898 2182 Sachſen
6939 2121 7002 2181 und
7031 2121 7124 2181 Ihre
7153 2118 7362 2178 Königlichen
7402 2115 7564 2175 Hoheiten
7610 2113 7663 2173 der
7703 2113 7808 2173 Prinz
7842 2110 7894 2170 von

6510 2170 6656 2230 Preußen
6700 2169 6759 2229 und
6808 2170 6857 2230 der
6895 2170 7003 2230 Prinz
7030 2170 7122 2230 Karl
7160 2169 7214 2229 von
7257 2166 7409 2226 Preußen
7452 2165 7544 2225 unter
7582 2162 7745 2222 freudigem
7799 2160 7901 2220 Jubel

6507 2215 6558 2275 der
6592 2222 6909 2282 Einwohnerſchaft
6943 2219 7011 2279 hier
7051 2217 7272 2277 eingetroffen
7311 2215 7373 2275 und
7419 2213 7515 2273 haben
7561 2213 7640 2273 nach
7674 2210 7884 2270 geſchehenem

6514 2272 6768 2332 Pferdewechſel
6814 2269 7000 2329 Höchſtihre
7040 2267 7142 2327 Reiſe
7187 2265 7261 2325 nach
7306 2264 7357 2324 dem
7419 2262 7606 2322 Falkenſtein
7652 2262 7702 2322 bei
7726 2261 7901 2321 Meisdorf

6510 2320 6711 2380 fortgeſetzt,
6737 2319 6785 2379 wo
6827 2318 6859 2378 am
6906 2317 7007 2377 15ten
7044 2317 7102 2377 und
7145 2316 7235 2376 16ten
7277 2314 7372 2374 Jagd
7404 2313 7430 2373 in
7468 2312 7521 2372 den
7552 2311 7679 2371 Forſten
7711 2310 7770 2370 des
7807 2309 7896 2369 Gra⸗

6509 2370 6546 2430 fen
6598 2370 6657 2430 von
6689 2369 6742 2429 der
6779 2368 6933 2428 Aſſeburg
6986 2366 7140 2426 gehalten
7182 2364 7288 2424 wird.
7352 2363 7411 2423 Die
7448 2361 7554 2421 Thore
7591 2359 7649 2419 und
7681 2359 7819 2419 Häuſer
7856 2356 7904 2416 der

6515 2420 6646 2480 Stadt,
6686 2420 6712 2480 ſo
6757 2418 6823 2478 wie
6863 2417 6908 2477 die
6954 2416 7050 2476 neben
7111 2415 7166 2475 der
7217 2413 7338 2473 Stadt
7373 2412 7525 2472 belegene
7565 2410 7677 2470 Ruine
7717 2408 7773 2468 der
7823 2406 7899 2466 alten

6514 2469 6598 2529 Burg
6635 2468 6831 2528 Askanien,
6863 2467 6937 2527 einſt
6984 2466 7032 2526 der
7069 2465 7148 2525 Sitz
7174 2464 7354 2524 Albrecht's
7386 2462 7439 2522 des
7476 2460 7613 2520 Bären,
7650 2458 7751 2518 waren
7788 2456 7898 2516 feſtlich

6508 2519 6696 2579 erleuchet.

6605 2569 6679 2629 Se.
6710 2568 6881 2628 Majeſtät
6923 2565 6976 2625 der
7019 2564 7131 2624 König
7178 2563 7236 2623 von
7285 2561 7465 2621 Hannover
7502 2559 7603 2619 haben
7651 2556 7810 2616 ebenfalls
7858 2554 7890 2614 am

6512 2617 6656 2677 heutigen
6689 2617 6789 2677 Tage
6829 2616 6873 2676 die
6906 2615 7023 2675 Stadt
7051 2613 7290 2673 Quedlinburg
7340 2610 7451 2670 paſſirt
7490 2609 7551 2669 und
7595 2606 7784 2666 Höchſtihre
7818 2604 7906 2664 Reiſe

6514 2667 6585 2727 nach
6618 2666 6667 2726 dem
6716 2666 6913 2726 Falkenſtein
6951 2664 7159 2724 fortgeſetzt.

6614 2763 6625 2823 *
6682 2765 7006 2825 Mühlhauſen
7052 2763 7074 2823 in
7114 2760 7347 2820 Thüringen,
7381 2757 7438 2817 13.
7466 2757 7557 2817 Nov.
7608 2756 7677 2816 Die
7705 2753 7802 2813 unter
7841 2751 7892 2811 dem

6514 2814 6699 2874 beſonderen
6736 2813 6883 2873 Schutze
6911 2812 7025 2872 Ihrer
7052 2810 7242 2870 Majeſtät,
7269 2807 7395 2867 unſerer
7428 2805 7596 2865 Königin,
7618 2801 7759 2861 ſtehende
7792 2798 7906 2858 hieſige

6513 2861 6985 2921 Eliſabeth⸗Anſtalt,
7008 2859 7048 2919 ein
7087 2857 7429 2917 Vereins⸗Inſtitut,
7451 2853 7576 2913 welches
7617 2851 7667 2911 ſich
7696 2850 7742 2910 die
7775 2848 7906 2908 geiſtige

6513 2912 6565 2972 und
6623 2911 6762 2971 leibliche
6809 2910 6979 2970 Aufhülfe
7027 2907 7137 2967 armer
7191 2905 7440 2965 verwahrloſter
7493 2901 7657 2961 Mädchen
7710 2899 7763 2959 zur
7816 2897 7901 2957 Auf⸗

6515 2961 6587 3021 gabe
6628 2960 6758 3020 macht,
6794 2958 6887 3018 dabei
6923 2957 7001 3017 auch
7037 2956 7110 3016 eine
7140 2953 7451 3013 Kleinkinderſchule
7492 2949 7663 3009 unterhält
7699 2948 7756 3008 und
7803 2946 7907 3006 leitet,

6514 3009 6619 3069 feierte
6662 3009 6683 3069 in
6736 3008 6827 3068 recht
6863 3006 7007 3066 ſinniger
7033 3005 7145 3065 Weiſe
7187 3004 7240 3064 den
7293 3001 7490 3061 heutigen
7537 2999 7643 3059 Tag,
7675 2998 7707 3058 an
7754 2996 7887 3056 welchem

6519 3058 6594 3118 ihrer
6634 3058 6735 3118 hohen
6775 3056 6991 3116 Beſchützerin
7027 3054 7072 3114 die
7108 3053 7229 3113 Sonne
7264 3051 7349 3111 eines
7379 3049 7475 3109 neuen
7515 3047 7747 3107 Lebensjahres
7787 3038 7898 3098 aufge⸗

6517 3109 6669 3169 gangen.
6713 3106 6757 3166 In
6800 3105 6849 3165 dem
6898 3104 7013 3164 feſtlich
7045 3101 7274 3161 geſchmückten
7312 3098 7367 3158 und
7405 3097 7460 3157 mit
7492 3097 7541 3157 dem
7590 3095 7770 3155 bekränzten
7814 3087 7906 3147 Bild⸗

6521 3156 6593 3216 niſſe
6623 3155 6678 3215 der
6702 3154 6956 3214 hochverehrten
6993 3151 7204 3211 Protektorin
7241 3148 7398 3208 gezierten
7422 3145 7646 3205 Arbeitsſaale
7671 3143 7725 3203 der
7744 3141 7901 3201 Mädchen

6520 3205 6746 3265 verſammelte
6786 3203 6822 3263 am
6874 3201 7030 3261 heutigen
7065 3198 7303 3258 Nachmittage
7343 3195 7396 3255 der
7424 3194 7581 3254 Vorſtand
7627 3192 7680 3252 der
7708 3189 7848 3249 Anſtalt
7876 3187 7894 3247 im

6519 3256 6648 3316 Beiſein
6682 3254 6735 3314 der
6764 3252 6951 3312 ſtädtiſchen
6992 3248 7167 3308 Behörden
7208 3246 7272 3306 und
7307 3244 7360 3304 der
7377 3242 7570 3302 Mitglieder
7605 3241 7658 3301 des
7681 3238 7920 3298 Jungfrauen⸗

6523 3305 6658 3365 Vereins
6689 3302 6893 3362 ſämmtliche
6923 3298 7115 3358 Zöglinge,
7140 3295 7207 3355 auch
7244 3294 7293 3354 die
7319 3292 7435 3352 bereits
7473 3291 7522 3351 der
7553 3289 7689 3349 Anſtalt
7713 3280 7911 3340 entwachſe⸗

6521 3354 6603 3414 nen,
6639 3353 6696 3413 und
6743 3350 6877 3410 nachdem
6934 3348 6981 3408 ein
7022 3346 7183 3406 frommer
7214 3343 7353 3403 Geſang
7384 3341 7431 3401 die
7467 3339 7658 3399 Gemüther
7684 3336 7736 3396 zur
7772 3333 7917 3393 Andacht

6519 3401 6676 3461 geſtimmt
6706 3398 6824 3458 hatte,
6848 3395 6976 3455 wurden
7011 3393 7055 3453 die
7089 3391 7261 3451 Zöglinge
7296 3390 7321 3450 in
7355 3388 7438 3448 einer
7478 3387 7512 3447 an
7557 3386 7596 3446 ſie
7635 3385 7822 3445 gerichteten
7861 3377 7910 3437 ge⸗

6518 3444 6702 3504 müthlichen
6740 3441 6805 3501 und
6843 3439 7032 3499 erbaulichen
7070 3438 7260 3498 Auſprache
7293 3436 7347 3496 des
7380 3435 7521 3495 Rektors
7553 3433 7656 3493 Fehre
7683 3430 7743 3490 auf
7769 3429 7819 3489 die
7846 3422 7910 3482 Be⸗

6517 3485 6653 3545 deutung
6698 3488 6754 3548 des
6794 3487 6935 3547 Tages,
6966 3486 7021 3546 auf
7057 3485 7117 3545 das
7163 3483 7324 3543 erhabene
7359 3482 7491 3542 Vorbild
7536 3480 7637 3540 echter
7668 3477 7916 3537 Frömmigkeit,

6514 3537 6637 3597 welches
6682 3537 6706 3597 in
6751 3536 6809 3596 der
6839 3535 6982 3595 Königin
7021 3533 7075 3593 uns
7115 3532 7371 3592 voranleuchte,
7405 3529 7612 3589 hingewieſen
7651 3526 7706 3586 und
7745 3523 7913 3583 ermahnt,

6519 3586 6567 3646 der
6603 3585 6724 3645 großen
6760 3584 6978 3644 Wohlthat,
7008 3582 7178 3642 Zöglinge
7215 3579 7305 3639 einer
7335 3576 7729 3636 Eliſabeth⸗Anſtalt
7765 3572 7795 3632 zu
7832 3570 7911 3630 ſein,

6512 3635 6557 3695 ſich
6591 3634 6705 3694 immer
6750 3632 6875 3692 würdig
6920 3632 6949 3692 zu
6995 3631 7131 3691 zeigen.
7176 3628 7233 3688 Ein
7283 3626 7500 3686 inbrünſtiges
7533 3624 7647 3684 Gebet
7675 3623 7721 3683 für
7755 3622 7806 3682 die
7840 3621 7902 3681 Kö⸗

6515 3684 6589 3744 nigin
6641 3683 6695 3743 und
6737 3682 6784 3742 ein
6832 3681 7054 3741 abermaliger
7097 3678 7229 3738 Geſang
7276 3675 7371 3735 ſchloß
7414 3673 7462 3733 die
7498 3671 7599 3731 ernſte
7641 3670 7694 3730 und
7737 3669 7900 3729 rührende

6516 3734 6631 3794 Feier.

6616 3832 6822 3892 Berlin,
6855 3830 6915 3890 18.
6959 3828 7051 3888 Nov.
7133 3827 7204 3887 Das
7252 3824 7351 3884 heute
7389 3819 7623 3879 ausgegebene
7662 3811 7906 3871 Militair⸗

6521 3880 6815 3940 Wochenblatt
6842 3878 6978 3938 enthält
7000 3877 7152 3937 folgende
7179 3874 7331 3934 amtliche
7353 3868 7658 3928 Bekanntmachung
7696 3863 7745 3923 des
7772 3862 7908 3922 Kriegs⸗

6525 3928 6795 3988 Miniſteriums:

6620 3978 6683 4038 „Im
6731 3976 6965 4036 greifswalder
6997 3975 7109 4035 Kreiſe
7146 3973 7173 4033 in
7210 3968 7567 4028 Neu⸗Vorpommern
7609 3963 7673 4023 war
7705 3962 7737 4022 es
7769 3960 7833 4020 ſeit
7859 3959 7912 4019 ge⸗

6526 4024 6650 4084 raumer
6683 4025 6759 4085 Zeit
6808 4025 6965 4085 mehreren
7014 4026 7334 4086 pflichtvergeſſenen
7383 4023 7541 4083 Perſonen
7595 4014 7785 4074 gelungen,
7822 4003 7909 4063 durch

6528 4071 6672 4131 vielfache
6711 4075 6994 4135 Betrügereien,
7020 4071 7197 4131 Fälſchung
7249 4069 7309 4129 von
7354 4066 7558 4126 Urkunden,
7591 4060 7735 4120 Leiſtung
7781 4056 7912 4116 falſcher

6530 4121 6604 4181 Eide
6644 4120 6689 4180 ꝛc.
6711 4120 7030 4180 Militairpflichtige
7069 4120 7126 4180 von
7171 4119 7223 4179 der
7257 4117 7433 4177 Erfüllung
7478 4114 7529 4174 der
7563 4112 7660 4172 ihnen
7700 4106 7910 4166 obliegenden

6531 4170 6731 4230 allgemeinen
6776 4169 7144 4229 Militairdienſtpflicht
7172 4167 7383 4227 geſetzwidrig
7422 4164 7450 4224 zu
7483 4161 7646 4221 befreien.

6634 4220 6727 4280 Dieſe
6756 4217 7192 4277 Militairdienſtpflichtigen
7232 4215 7325 4275 ſind,
7354 4215 7377 4275 ſo
7412 4213 7494 4273 weit
7517 4211 7557 4271 ſie
7586 4209 7696 4269 irgend
7732 4206 7836 4266 haben
7871 4204 7917 4264 er⸗

6532 4265 6652 4325 mittelt
6679 4268 6809 4328 werden
6847 4266 7000 4326 können,
7027 4265 7147 4325 bereits
7180 4265 7202 4325 im
7261 4264 7474 4324 verwichenen
7512 4263 7621 4323 Jahre
7659 4262 7708 4322 zur
7746 4258 7925 4318 nachträg⸗

6534 4318 6617 4378 lichen
6656 4317 6844 4377 Ableiſtung
6878 4316 6967 4376 ihrer
6994 4316 7223 4376 Dienſtpflicht
7256 4314 7445 4374 eingezogen
7478 4309 7640 4369 worden.

6635 4361 6745 4421 Gegen
6786 4366 6838 4426 die
6861 4364 7035 4424 Betrüger
7064 4363 7157 4423 ſelbſt
7192 4363 7227 4423 iſt
7262 4361 7488 4421 gegenwärtig
7523 4356 7743 4416 rechtskräftig
7784 4352 7930 4412 erkannt,

6534 4417 6591 4477 und
6637 4416 6699 4476 ſind
6738 4415 6903 4475 einerſeits
6949 4413 7040 4473 durch
7074 4412 7131 4472 das
7165 4411 7313 4471 Königl.
7335 4410 7557 4470 Kreisgericht
7585 4406 7614 4466 zu
7654 4401 7864 4461 Greifswald
7898 4400 7921 4460 in

6535 4467 6646 4527 erſter,
6669 4465 6724 4525 und
6763 4464 6858 4524 durch
6886 4464 6947 4524 das
6986 4463 7108 4523 dortige
7131 4458 7611 4518 Ober⸗Appellationsgericht
7644 4454 7666 4514 in
7699 4452 7834 4512 zweiter
7861 4449 7933 4509 In⸗

6536 4522 6646 4582 ſtanz,
6683 4516 6901 4576 andererſeits
6938 4512 7028 4572 durch
7060 4511 7102 4571 ein
7149 4511 7203 4571 von
7240 4511 7319 4571 Sr.
7340 4508 7504 4568 Majeſtät
7536 4505 7589 4565 dem
7642 4502 7769 4562 Könige
7806 4499 7912 4559 unterm

6540 4566 6598 4626 26.
6633 4564 6778 4624 Oktober
6824 4562 6859 4622 c.
6888 4562 7097 4622 Allerhöchſt
7133 4560 7324 4620 beſtätigtes
7359 4555 7684 4615 kriegsgerichtliches
7730 4548 7922 4608 Erkenntniß

6535 4615 6575 4675 die
6625 4613 6926 4673 hauptſächlichſten
6982 4610 7181 4670 Verbrecher
7232 4608 7260 4668 zu
7318 4607 7488 4667 folgenden
7533 4602 7680 4662 Strafen
7731 4598 7929 4658 verurtheilt

6534 4663 6704 4723 worden:

6632 4712 6677 4772 1)
6694 4713 6752 4773 der
6786 4711 6929 4771 Barbier
6968 4710 7031 4770 A.,
7048 4709 7162 4769 wegen
7197 4706 7391 4766 vielfacher,
7413 4704 7464 4764 zum
7510 4702 7602 4762 Theil
7624 4701 7676 4761 mit
7699 4697 7926 4757 Verfälſchung

6535 4758 6589 4818 von
6627 4761 6822 4821 Urkunden,
6844 4759 7001 4819 verübter
7028 4757 7305 4817 Betrügereien,
7327 4755 7457 4815 Behufs
7484 4752 7532 4812 der
7560 4750 7739 4810 Befreiung
7766 4745 7928 4805 Militair⸗

6536 4811 6709 4871 pflichtiger
6752 4809 6812 4869 von
6850 4809 6899 4869 der
6931 4808 7175 4868 Aushebung,
7208 4805 7305 4865 unter
7338 4803 7467 4863 Verluſt
7495 4801 7549 4861 der
7581 4797 7928 4857 National⸗Kokarde

6537 4861 6559 4921 zu
6593 4859 6839 4919 ſechsjähriger
6867 4857 7197 4917 Zuchthausſtrafe;

6628 4900 6672 4960 2)
6700 4908 6756 4968 der
6801 4907 7042 4967 landräthliche
7075 4904 7360 4964 Privatſchreiber
7393 4902 7444 4962 R.
7466 4900 7572 4960 wegen
7611 4896 7852 4956 Verfälſchung
7885 4893 7935 4953 der

6538 4958 6785 5018 Erſatz⸗Liſten
6822 4956 6882 5016 und
6912 4954 7257 5014 Loſungs⸗Scheine
7293 4952 7318 5012 zu
7354 4949 7523 5009 demſelben
7560 4947 7699 5007 Zweck,
7729 4944 7929 5004 desgleichen

6537 5007 6640 5067 wegen
6678 5006 6885 5066 Betrügerei
6918 5004 6977 5064 und
7015 5004 7249 5064 Erpreſſung,
7282 5002 7375 5062 unter
7407 4998 7543 5058 Verluſt
7566 4997 7625 5057 der
7658 4996 7935 5056 National⸗Ko⸗

6537 5057 6626 5117 karde
6659 5056 6688 5116 zu
6721 5055 6945 5115 vierjähriger
6978 5052 7315 5112 Zuchthausſtrafe;

6627 5096 6673 5156 3)
6707 5105 6764 5165 der
6798 5104 7118 5164 Chirurgenſchüler
7153 5101 7215 5161 M.
7239 5100 7347 5160 wegen
7393 5097 7593 5157 mehrfachen
7644 5094 7690 5154 zum
7741 5093 7844 5153 Theil
7884 5089 7935 5149 mit

6538 5155 6759 5215 Anfertigung
6815 5152 6942 5212 falſcher
6975 5152 7142 5212 Urkunden
7181 5149 7336 5209 verübten
7375 5146 7552 5206 Betrugs,
7591 5144 7685 5204 unter
7713 5142 7852 5202 Verluſt
7885 5138 7929 5198 der

6544 5205 6878 5265 National⸗Kokarde
6911 5202 6973 5262 mit
7001 5200 7229 5260 zweijähriger
7268 5196 7580 5256 Zuchthausſtrafe;

6636 5253 6675 5313 4)
6707 5253 6766 5313 der
6798 5250 7265 5310 Ober⸗Polizei⸗Sergeant
7285 5247 7336 5307 N.
7355 5246 7465 5306 wegen
7492 5244 7667 5304 Ablegung
7686 5241 7771 5301 eines
7803 5238 7932 5298 falſchen

6541 5303 6732 5363 Zeugniſſes
6779 5301 6814 5361 an
6848 5300 7040 5360 Eidesſtatt
7075 5299 7104 5359 in
7150 5298 7232 5358 einer
7278 5293 7713 5353 Erſatz⸗Angelegenheit,
7743 5286 7928 5346 Verletzung

6541 5353 6634 5413 ſeiner
6668 5351 6883 5411 Amtspflicht
6918 5350 6941 5410 in
6976 5349 7167 5409 Beziehung
7202 5347 7260 5407 auf
7295 5344 7417 5404 richtige
7440 5343 7590 5403 Führung
7631 5340 7683 5400 der
7701 5336 7926 5396 Stammliſten

6544 5403 6601 5463 aus
6634 5401 6839 5461 Eigennutz,
6861 5398 7065 5458 Mißbrauch
7105 5397 7207 5457 ſeines
7241 5395 7343 5455 Amts
7371 5393 7422 5453 zum
7473 5392 7592 5452 Drucke
7626 5389 7678 5449 der
7706 5385 7927 5445 Unterthanen

6541 5452 6591 5512 des
6635 5450 6802 5510 Staats,
6841 5448 6891 5508 zur
6930 5446 7309 5506 Amts⸗Entſetzung,
7347 5441 7554 5501 Unfähigkeit
7604 5438 7631 5498 zu
7671 5436 7743 5496 allen
7793 5432 7926 5492 ferneren

6543 5500 6738 5560 öffentlichen
6765 5497 6944 5557 Aemtern,
6966 5495 7107 5555 Verluſt
7123 5495 7172 5555 der
7199 5492 7552 5552 National⸗Kokarde,
7574 5484 7931 5544 achtzehnmonatlicher

6545 5548 6838 5608 Zuchthausſtrafe
6871 5546 6925 5606 und
6969 5545 7050 5605 einer
7083 5544 7267 5604 Geldbuße
7300 5542 7354 5602 von
7392 5540 7457 5600 624
7484 5537 7615 5597 Rthlr.,
7637 5533 7783 5593 welcher,
7810 5531 7832 5591 im
7870 5529 7936 5589 Fall

6542 5598 6592 5658 des
6631 5597 6922 5657 Unvermögens,
6961 5594 7034 5654 noch
7085 5593 7157 5653 eine
7197 5591 7470 5651 fünfmonatliche
7509 5584 7795 5644 Zuchthausſtrafe
7834 5577 7935 5637 ſubſti⸗

6544 5647 6627 5707 tuirt
6657 5645 6716 5705 iſt;

6644 5689 6680 5749 5)
6722 5694 6776 5754 der
6819 5693 7134 5753 Chirurgenſchüler
7177 5691 7225 5751 A.
7255 5689 7364 5749 wegen
7401 5686 7570 5746 Fälſchung
7619 5682 7698 5742 einer
7722 5678 7922 5738 öffentlichen

6543 5745 6717 5805 Urkunde,
6740 5743 6966 5803 Mißbrauchs
7001 5742 7088 5802 eines
7123 5739 7325 5799 öffentlichen
7360 5736 7505 5796 Siegels
7534 5733 7592 5793 und
7627 5729 7725 5789 wegen
7766 5724 7935 5784 Betrugs,

6548 5794 6590 5854 zum
6643 5793 6780 5853 Verluſt
6817 5792 6865 5852 der
6897 5790 7262 5850 National⸗Kokarde
7309 5787 7362 5847 und
7399 5781 7685 5841 ſechsmonatlicher
7716 5770 7922 5830 Zuchthaus⸗

6545 5844 6638 5904 ſtrafe
6673 5844 6783 5904 (unter
6818 5841 7016 5901 theilweiſer
7044 5838 7259 5898 Anrechnung
7300 5836 7352 5896 des
7387 5832 7549 5892 erlittenen
7585 5826 7770 5886 Arreſtes);

6647 5890 6692 5950 6)
6711 5890 6762 5950 der
6800 5889 7052 5949 Wirthſchafter
7084 5888 7141 5948 B.
7167 5887 7276 5947 wegen
7315 5882 7527 5942 Anfertigung
7565 5876 7655 5936 einer
7681 5872 7816 5932 falſchen
7855 5871 7925 5931 Pri⸗

6546 5940 6733 6000 vatſchrift,
6754 5939 6927 5999 Ablegung
6968 5937 7100 5997 falſchen
7141 5934 7336 5994 Zeugniſſes
7370 5930 7419 5990 zur
7439 5927 7612 5987 Befreiung
7648 5923 7723 5983 eines
7758 5917 7931 5977 Militair⸗

6545 5991 6718 6051 pflichtigen
6759 5988 6823 6048 von
6857 5988 6909 6048 der
6932 5987 7147 6047 Aushebung
7182 5985 7240 6045 und
7280 5982 7385 6042 wegen
7419 5977 7547 6037 anderer
7576 5976 7847 6036 Betrügereien,
7865 5973 7911 6033 zum

6548 6039 6687 6099 Verluſt
6708 6038 6760 6098 der
6789 6036 7126 6096 National⸗Kokarde
7155 6034 7214 6094 und
7243 6032 7272 6092 zu
7309 6026 7580 6086 viermonatlicher
7603 6021 7918 6081 Zuchthausſtrafe;

6650 6087 6687 6147 7)
6706 6087 6763 6147 der
6801 6086 6946 6146 Schulze
6978 6085 7022 6145 F.
7041 6084 7154 6144 wegen
7193 6078 7408 6138 Theilnahme
7445 6072 7483 6132 an
7515 6071 7565 6131 den
7603 6070 7850 6130 Betrügereien
7881 6070 7931 6130 des

6548 6138 6742 6198 Schreibers
6782 6136 6835 6196 R.
6869 6134 6963 6194 (ſiehe
6996 6133 7063 6193 2),
7090 6132 7203 6192 wegen
7237 6127 7411 6187 Ablegung
7445 6120 7531 6180 eines
7572 6118 7705 6178 falſchen
7738 6120 7939 6180 Zeugniſſes

6548 6186 6578 6246 an
6614 6184 6807 6244 Eidesſtatt
6837 6183 6970 6243 Behufs
7006 6182 7054 6242 der
7090 6178 7272 6238 Befreiung
7308 6173 7387 6233 eines
7417 6170 7749 6230 Militairpflichtigen
7797 6168 7851 6228 von
7888 6167 7936 6227 der

6549 6234 6749 6294 Aushebung
6796 6233 6855 6293 und
6889 6232 7002 6292 wegen
7049 6228 7236 6288 Verletzung
7283 6222 7383 6282 ſeiner
7416 6221 7637 6281 Amtspflicht
7677 6223 7710 6283 um
7770 6220 7936 6280 Gewinns

6549 6285 6678 6345 willen,
6697 6283 6746 6343 zur
6777 6282 6968 6342 Entſetzung
7005 6281 7061 6341 von
7086 6277 7185 6337 ſeinem
7222 6272 7524 6332 Schulzen⸗Amte,
7548 6270 7765 6330 Unfähigkeit
7796 6270 7827 6330 zu
7864 6271 7937 6331 allen

7960 1284 8096 1344 ferneren
8133 1284 8339 1344 öffentlichen
8366 1284 8540 1344 Aemtern,
8562 1283 8703 1343 Verluſt
8724 1281 8784 1341 der
8817 1284 9164 1344 National⸗Kokarde,
9185 1280 9348 1340 einjähri⸗

7960 1333 8014 1393 ger
8041 1333 8345 1393 Zuchthausſtrafe
8372 1332 8432 1392 und
8469 1331 8551 1391 einer
8583 1330 8768 1390 Geldbuße
8801 1330 8855 1390 von
8893 1329 8947 1389 160
8980 1327 9110 1387 Rthlr.,
9131 1324 9353 1384 eventualiter

7956 1382 8029 1442 noch
8063 1382 8091 1442 zu
8124 1382 8394 1442 einmonatlicher
8429 1380 8761 1440 Zuchthausſtrafe;

8057 1432 8102 1492 8)
8121 1431 8173 1491 der
8205 1430 8353 1490 Schulze
8385 1431 8450 1491 M.
8476 1431 8579 1491 wegen
8618 1430 8753 1490 Abgabe
8786 1430 8869 1490 eines
8902 1431 9031 1491 falſchen
9063 1432 9257 1492 Zeugniſſes
9296 1431 9353 1491 vor

7963 1481 8013 1541 der
8046 1480 8396 1540 Erſatz⸗Kommiſſion
8435 1479 8490 1539 und
8524 1478 8768 1538 Bekräftigung
8807 1478 8957 1538 deſſelben
8996 1479 9045 1539 auf
9073 1481 9173 1541 ſeinen
9201 1480 9351 1540 Amtseid

7963 1529 8050 1589 unter
8091 1529 8293 1589 Mißbrauch
8334 1529 8432 1589 ſeines
8478 1528 8778 1588 Amts⸗Siegels,
8809 1528 8855 1588 zur
8891 1529 9082 1589 Entſetzung
9134 1529 9191 1589 von
9227 1528 9330 1588 ſeinem

7973 1579 8275 1639 Schulzen⸗Amte,
8312 1578 8524 1638 Unfähigkeit
8561 1578 8592 1638 zu
8645 1577 8719 1637 allen
8756 1578 8899 1638 ferneren
8947 1579 9143 1639 öffentlichen
9180 1577 9361 1637 Aemtern,

7962 1629 8094 1689 Verluſt
8131 1628 8184 1688 der
8216 1628 8555 1688 National⸗Kokarde
8587 1627 8651 1687 und
8683 1626 8968 1686 dreimonatlicher
9001 1629 9324 1689 Zuchthausſtrafe;

8061 1678 8102 1738 9)
8128 1678 8180 1738 der
8221 1677 8744 1737 Landwehr⸗Bataillons⸗Arzt
8791 1675 8857 1735 Dr.
8894 1675 8951 1735 B.
8982 1674 9086 1734 wegen
9137 1670 9366 1730 Beſtechung,

7962 1722 8138 1782 verbunden
8179 1725 8234 1785 mit
8264 1726 8416 1786 verübten
8446 1725 8789 1785 Pflichtwidrigkeiten
8830 1725 8885 1785 und
8910 1725 9148 1785 Betrügereien
9183 1725 9209 1785 im
9249 1723 9366 1783 Amte,

7967 1773 8015 1833 zur
8045 1773 8238 1833 Entſetzung
8275 1773 8335 1833 von
8371 1773 8468 1833 ſeinem
8516 1772 8613 1832 Amte
8649 1772 8692 1832 als
8722 1773 9054 1833 Bataillons⸗Arzt,
9084 1773 9296 1833 Unfähigkeit
9332 1771 9356 1831 zu

7967 1822 8042 1882 allen
8077 1820 8219 1880 ferneren
8259 1819 8440 1879 Aemtern,
8471 1819 8607 1879 Verluſt
8638 1818 8688 1878 der
8718 1818 9056 1878 National⸗Kokarde
9101 1819 9162 1879 und
9192 1819 9218 1879 zu
9258 1819 9344 1879 einem

7969 1871 8031 1931 drei
8062 1870 8119 1930 und
8156 1869 8477 1929 einvierteljährigen
8519 1867 8815 1927 Feſtungsarreſt;

8071 1914 8130 1974 10)
8157 1917 8206 1977 der
8239 1916 8859 1976 Landwehr⸗Bataillonsſchreiber,
8886 1914 9125 1974 Unteroffizier
9158 1914 9228 1974 P.,
9255 1914 9364 1974 wegen

7971 1970 8063 2030 theils
8096 1968 8411 2028 unternommener,
8432 1966 8530 2026 theils
8563 1965 8808 2025 ausgeführter
8829 1964 9003 2024 Fälſchung
9036 1962 9237 2022 öffentlicher
9275 1962 9367 2022 Liſten

7969 2019 8103 2079 Behufs
8143 2017 8331 2077 Befreiung
8370 2014 8745 2074 Militairpflichtiger,
8778 2013 8872 2073 unter
8905 2012 9147 2072 Degradation
9194 2012 9240 2072 zum
9301 2012 9374 2072 Ge⸗

7971 2067 8111 2127 meinen,
8134 2066 8334 2126 Verſetzung
8366 2065 8393 2125 in
8431 2064 8475 2124 die
8507 2064 8621 2124 zweite
8654 2063 8762 2123 Klaſſe
8795 2063 8849 2123 des
8881 2061 9212 2121 Soldatenſtandes,
9239 2060 9374 2120 Verluſt

7970 2118 8020 2178 des
8044 2115 8615 2175 National⸗Militair⸗Abzeichens
8649 2112 8708 2172 und
8743 2112 8798 2172 der
8832 2111 9189 2171 National⸗Kokarde,
9214 2110 9238 2170 zu
9278 2108 9382 2168 ſechs⸗

7972 2166 8178 2226 monatlicher
8206 2163 8479 2223 Feſtungsſtrafe
8511 2162 8604 2222 durch
8642 2161 8850 2221 Einſtellung
8888 2160 8915 2220 in
8964 2159 9029 2219 eine
9056 2158 9378 2218 Feſtungs⸗Straf⸗

7973 2214 8203 2274 Abtheilung.

8077 2264 8126 2324 Da
8156 2264 8205 2324 die
8237 2262 8446 2322 Entdeckung
8477 2261 8532 2321 der
8564 2260 8810 2320 vorgefallenen
8847 2259 9087 2319 Betrügereien
9124 2258 9155 2318 zu
9186 2257 9272 2317 ihrer
9303 2256 9377 2316 Zeit

7974 2313 8091 2373 großes
8120 2312 8282 2372 Aufſehen
8324 2312 8347 2372 im
8393 2311 8556 2371 Publikum
8608 2309 8719 2369 erregt
8748 2309 8841 2369 hat,
8864 2309 8893 2369 ſo
8929 2308 9004 2368 wird
9039 2306 9289 2366 Veranlaſſung
9324 2306 9376 2366 ge⸗

7975 2362 8157 2422 nommen,
8183 2362 8240 2422 das
8277 2362 8372 2422 obige
8404 2360 8567 2420 Ergebniß
8606 2358 8662 2418 der
8688 2357 8934 2417 ſtattgehabten
8971 2356 9256 2416 Unterſuchungen
9293 2349 9375 2409 hier⸗

7976 2412 8060 2472 durch
8092 2412 8230 2472 bekannt
8263 2410 8295 2470 zu
8332 2409 8486 2469 machen,
8512 2409 8566 2469 mit
8597 2408 8650 2468 dem
8699 2406 8911 2466 Bemerken,
8932 2406 8991 2466 daß
9028 2405 9065 2465 ein
9108 2404 9384 2464 Bataillonsarzt

7976 2463 8034 2523 und
8066 2461 8108 2521 ein
8146 2459 8572 2519 Landwehr⸗Feldwebel,
8599 2457 8711 2517 welche
8748 2456 8806 2516 von
8844 2456 8892 2516 der
8923 2454 9190 2514 Anſchuldigung
9222 2454 9275 2514 der
9312 2450 9381 2510 Be⸗

7979 2511 8112 2571 ſtechung
8148 2509 8211 2569 und
8246 2509 8401 2569 verübter
8422 2506 8767 2566 Pflichtwidrigkeiten
8809 2504 8830 2564 im
8873 2504 8978 2564 Amte
9006 2503 9091 2563 zwar
9119 2502 9366 2562 freigeſprochen

7977 2561 8099 2621 worden
8138 2559 8221 2619 ſind,
8249 2558 8310 2618 auf
8332 2557 8565 2617 Allerhöchſten
8598 2555 8721 2615 Befehl
8749 2554 8888 2614 dennoch
8921 2553 9049 2613 verſetzt
9076 2552 9198 2612 werden
9238 2551 9355 2611 ſollen.

8079 2609 8214 2669 Berlin,
8241 2608 8292 2668 den
8334 2607 8371 2667 6.
8397 2606 8590 2666 November
8626 2605 8737 2665 1843.

8857 2650 9279 2710 Kriegs⸗Miniſterium.

8916 2700 8986 2760 von
9026 2699 9214 2759 Boyen.“

8069 2755 8131 2815 Der
8167 2755 8298 2815 Oberſt
8335 2754 8392 2814 und
8439 2753 8527 2813 Chef
8569 2751 8627 2811 des
8663 2749 8924 2809 Generalſtabes
8975 2748 9028 2808 des
9075 2746 9378 2806 Garde⸗Corps,

7973 2803 8036 2863 von
8074 2803 8407 2863 Stockhauſen,
8445 2801 8479 2861 iſt
8508 2801 8556 2861 zum
8609 2799 8860 2859 Commandeur
8898 2797 8951 2857 der
8990 2795 9062 2855 2ten
9101 2790 9375 2850 Garde⸗Land⸗

7972 2854 8284 2914 wehr⸗Brigade,
8323 2851 8388 2911 von
8427 2850 8585 2910 Katte,
8620 2849 8738 2909 Oberſt
8768 2847 8832 2907 und
8867 2846 9119 2906 Commandeur
9149 2845 9203 2905 des
9238 2842 9381 2902 Garde⸗

7973 2902 8405 2962 Dragoner⸗Regiments,
8430 2900 8479 2960 zum
8529 2899 8779 2959 Commandeur
8813 2897 8863 2957 der
8897 2895 8970 2955 7ten
8995 2893 9384 2953 Kavallerie⸗Brigade,

7971 2952 8041 3012 von
8082 2951 8369 3011 Clauſewitz,
8405 2949 8526 3009 Major
8566 2948 8627 3008 vom
8688 2946 8784 3006 11ten
8829 2942 9274 3002 Infanterie⸗Regiment,
9315 2939 9365 2999 zum

7972 3000 8214 3060 Commandeur
8265 2998 8321 3058 des
8364 2997 8438 3057 6ten
8489 2995 8601 3055 komb.
8648 2991 9030 3051 Neſerve⸗Bataillons
9077 2988 9250 3048 ernannt;
9315 2985 9361 3045 dem

7974 3049 8185 3109 Hauptmann
8227 3047 8263 3107 a.
8294 3047 8346 3107 D.
8372 3044 8542 3104 Wilde,
8579 3041 8693 3101 zuletzt
8724 3040 8749 3100 in
8802 3039 8853 3099 der
8889 3037 8967 3097 6ten
9008 3035 9392 3095 Artillerie⸗Brigade,

7978 3098 8023 3158 der
8059 3096 8242 3156 Charakter
8277 3094 8328 3154 als
8363 3092 8486 3152 Major
8516 3088 8700 3148 bewilligt.

8072 3191 8250 3251 Bonn,
8274 3191 8339 3251 14.
8363 3190 8469 3250 Nov.
8518 3189 8672 3249 (Köln.
8696 3188 8770 3248 Z.)
8818 3187 8867 3247 In
8908 3186 8965 3246 der
8997 3185 9233 3245 vexgangenen
9265 3185 9386 3245 Woche

7987 3243 8092 3303 wurde
8214 3239 8320 3299 Prinz
8352 3238 8464 3298 Georg
8506 3237 8559 3297 von
8601 3236 8792 3296 Preußen,
8819 3235 8914 3295 Sohn
8951 3234 9004 3294 des
9041 3233 9179 3293 Prinzen
9216 3231 9397 3291 Friedrich,

7987 3292 8034 3352 der
8068 3290 8091 3350 in
8126 3290 8329 3350 Düſſeldorf
8358 3289 8458 3349 ſeinen
8492 3286 8667 3346 Wohnſitz
8690 3285 8782 3345 hat,
8806 3284 8893 3344 durch
8928 3282 9248 3342 Immatriculation
9288 3282 9311 3342 in
9346 3282 9392 3342 die

7989 3345 8075 3405 Zahl
8108 3340 8157 3400 der
8189 3339 8330 3399 hieſigen
8368 3338 8629 3398 Studirenden,
8667 3336 8721 3396 und
8775 3334 8862 3394 zwar
8900 3333 8959 3393 der
8998 3332 9188 3392 juriſtiſchen
9225 3330 9400 3390 Fakultät,

7986 3390 8259 3450 aufgenommen.
8321 3388 8395 3448 Der
8429 3387 8531 3447 junge
8565 3385 8673 3445 Prinz
8707 3384 8770 3444 hat
8809 3383 8860 3443 ſich
8900 3382 8957 3442 zum
9008 3381 9150 3441 Behufe
9184 3380 9388 3440 gründlicher

7982 3433 8172 3493 Vorſtudien
8205 3432 8297 3492 ſchon
8335 3431 8439 3491 einige
8471 3431 8580 3491 Jahre
8613 3432 8684 3492 hier
8716 3430 8962 3490 aufgehalten.

8082 3530 8225 3590 Köln,
8246 3528 8310 3588 14.
8331 3526 8427 3586 Nov.
8470 3525 8565 3585 (Rh.
8581 3525 8613 3585 u.
8628 3524 8692 3584 M.
8703 3524 8772 3584 Z.)
8819 3523 8883 3583 Der
8920 3523 9101 3583 Dombau,
9128 3523 9175 3583 der
9208 3523 9245 3583 an
9281 3522 9377 3582 vielen

7981 3576 8120 3636 Punkten
8156 3575 8297 3635 zugleich
8328 3573 8488 3633 betrieben
8524 3572 8628 3632 wird,
8654 3571 8685 3631 iſt
8711 3570 8887 3630 beſonders
8923 3570 8959 3630 an
8996 3570 9047 3630 der
9078 3570 9239 3630 Südſeite
9275 3571 9384 3631 mäch⸗

7977 3625 8013 3685 tig
8056 3624 8334 3684 vorgeſchritten.
8389 3622 8457 3682 Die
8487 3620 8722 3680 Seitenſchiffe
8753 3618 8858 3678 ſtehen
8901 3617 9023 3677 bereits
9067 3618 9098 3678 in
9134 3617 9264 3677 Gräten
9319 3616 9374 3676 und

7975 3672 8137 3732 Gurten,
8172 3672 8235 3732 vier
8270 3671 8438 3731 Gewölbe
8467 3670 8530 3730 ſind
8565 3668 8611 3728 bis
8646 3667 8715 3727 jetzt
8744 3666 8831 3726 ſchon
8866 3666 9045 3726 geſchlagen
9085 3667 9242 3727 worden.
9311 3666 9374 3726 Der

7975 3723 8054 3783 letzte
8088 3721 8304 3781 Pfeilerbund
8350 3720 8400 3780 der
8434 3718 8628 3778 Südſeite,
8662 3716 8741 3776 hart
8787 3715 8821 3775 am
8866 3715 9105 3775 Querſchiffe,
9144 3715 9178 3775 iſt
9201 3714 9275 3774 jetzt
9309 3712 9376 3772 auch

7975 3773 8042 3833 noch
8078 3772 8099 3832 in
8135 3771 8254 3831 Arbeit
8280 3769 8513 3829 genommen,
8544 3767 8627 3827 ſchon
8678 3765 8709 3825 am
8766 3764 8973 3824 Aufwachſen
9020 3764 9082 3824 und
9134 3765 9191 3825 ſoll
9232 3765 9310 3825 noch
9351 3764 9377 3824 in

7975 3821 8069 3881 dieſem
8119 3819 8247 3879 Winter
8280 3819 8335 3879 zur
8364 3818 8463 3878 Höhe
8497 3816 8547 3876 der
8580 3814 8713 3874 übrigen
8753 3812 8985 3872 Mauerwerke
9014 3812 9275 3872 emporſteigen.

8081 3919 8423 3979 Königsberg,
8452 3915 8516 3975 15.
8539 3914 8638 3974 Nov.
8689 3913 8748 3973 (K.
8777 3912 8840 3972 Z.)
8886 3911 9020 3971 Geſtern
9049 3907 9153 3967 haben
9194 3904 9270 3964 Se.
9298 3903 9379 3963 Kai⸗

7984 3969 8064 4029 ſerl.
8088 3968 8209 4028 Hoheit
8241 3966 8298 4026 der
8330 3964 8524 4024 Großfürſt
8549 3962 8695 4022 Michgel
8727 3961 8783 4021 und
8823 3960 8912 4020 heute
8944 3959 9009 4019 früh
9041 3960 9131 4020 Ihre
9147 3962 9300 4022 Kaiſerl.
9316 3955 9388 4015 Ho⸗

7984 4019 8045 4079 heit
8089 4017 8134 4077 die
8178 4014 8393 4074 Großfürſtin
8449 4012 8571 4072 Helene
8615 4012 8659 4072 die
8704 4011 8804 4071 Reiſe
8837 4010 8909 4070 nach
8953 4010 9020 4070 St.
9048 4008 9253 4068 Petersburg
9308 4006 9380 4066 über

7986 4067 8215 4127 Stallupönen
8254 4063 8466 4123 fortgeſetzt.

8090 4115 8155 4175 Zur
8181 4113 8279 4173 Feier
8305 4112 8364 4172 des
8396 4111 8652 4171 Geburtsfeſtes
8684 4110 8788 4170 Ihrer
8814 4108 8971 4168 Majeſtät
8997 4107 9043 4167 der
9076 4108 9220 4168 Königin
9252 4108 9376 4168 beging

7991 4166 8041 4226 der
8070 4165 8144 4225 hier
8173 4162 8369 4222 beſtehende
8398 4160 8523 4220 Verein
8560 4160 8618 4220 zur
8647 4157 8880 4217 Unterſtützung
8924 4156 9026 4216 armer
9063 4157 9289 4217 Schulkinder
9333 4157 9369 4217 am

7997 4213 8083 4273 13ten
8127 4214 8165 4274 d.
8187 4212 8251 4272 M.
8284 4212 8333 4272 die
8365 4210 8458 4270 Feier
8496 4209 8594 4269 ſeines
8642 4207 8833 4267 17jährigen
8865 4206 9044 4266 Beſtehens
9087 4206 9109 4266 in
9158 4206 9207 4266 dem
9267 4207 9380 4267 Saale

7994 4263 8046 4323 der
8083 4262 8246 4322 deutſchen
8291 4260 8469 4320 Reſſource
8514 4258 8574 4318 vor
8611 4257 8700 4317 einer
8737 4255 8923 4315 zahlreichen
8967 4254 9249 4314 Verſammlung.
9309 4253 9383 4313 Der

7993 4310 8210 4370 Hofprediger
8247 4309 8422 4369 Gerdien,
8449 4307 8576 4367 welcher
8607 4306 8655 4366 die
8687 4305 8830 4365 Feſtrede
8857 4303 8957 4363 hielt,
8979 4303 9080 4363 ſprach
9117 4301 9281 4361 darüber,
9313 4299 9381 4359 was

7994 4363 8038 4423 die
8077 4362 8205 4422 Schule
8249 4360 8310 4420 von
8354 4358 8410 4418 dem
8465 4357 8571 4417 Hauſe
8615 4355 8643 4415 zu
8687 4353 8849 4413 wünſchen
8887 4352 8993 4412 habe.
9048 4352 9098 4412 In
9143 4352 9364 4412 gehaltvollem

7996 4411 8162 4471 Vortrage
8190 4408 8389 4468 entwickelte
8422 4406 8478 4466 der
8505 4404 8638 4464 Redner
8671 4403 8716 4463 die
8749 4402 8987 4462 Uebelſtände,
9021 4401 9065 4461 die
9099 4401 9154 4461 dem
9203 4402 9375 4462 Gedeihen

7998 4462 8048 4522 des
8081 4458 8444 4518 Schul⸗Unterrichts,
8466 4455 8511 4515 oft
8538 4454 8561 4514 in
8600 4452 8650 4512 dem
8695 4451 8874 4511 Verhalten
8907 4450 8962 4510 der
8996 4449 9125 4509 Aeltern
9163 4450 9219 4510 und
9247 4448 9392 4508 Pflege⸗

7999 4510 8097 4570 ältern
8134 4507 8186 4567 der
8222 4504 8389 4564 Schüler,
8414 4503 8570 4563 hindernd
8601 4500 8893 4560 entgegentreten.
8945 4498 9017 4558 Von
9049 4498 9174 4558 Seiten
9210 4499 9262 4559 des
9304 4496 9392 4556 Vor⸗

8000 4558 8215 4618 ſteher⸗Amts
8255 4556 8266 4616 —
8329 4555 8352 4615 in
8386 4553 8516 4613 welchem
8561 4551 8635 4611 Se.
8647 4550 8817 4610 Excellenz
8845 4549 8890 4609 der
8918 4548 9055 4608 Kanzler
9089 4547 9146 4607 des
9168 4544 9384 4604 Königreichs

8008 4606 8174 4666 Preußen,
8201 4605 8273 4665 Dr.
8301 4604 8351 4664 von
8379 4601 8562 4661 Wegnern,
8584 4599 8811 4659 gegenwärtig
8845 4597 8895 4657 den
8923 4596 9045 4656 Vorſitz
9072 4596 9167 4656 führt
9200 4596 9211 4656 —
9272 4596 9383 4656 wurde

8002 4658 8064 4718 eine
8092 4656 8274 4716 Ueberſicht
8313 4653 8370 4713 von
8404 4652 8455 4712 der
8489 4649 8710 4709 Wirkſamkeit
8738 4647 8794 4707 des
8829 4646 8964 4706 Vereins
8993 4645 9151 4705 während
9185 4645 9237 4705 des
9271 4645 9378 4705 letzten

8004 4705 8384 4765 Verwaltungsjahres,
8404 4700 8463 4760 vom
8509 4699 8575 4759 15.
8588 4697 8725 4757 Oktober
8765 4695 8850 4755 1842
8877 4695 8929 4755 bis
8962 4693 9054 4753 dahin
9087 4692 9211 4752 1843,
9231 4690 9396 4750 gegeben.

8002 4757 8064 4817 Die
8092 4754 8280 4814 Einnahme
8314 4752 8370 4812 hat
8398 4750 8551 4810 betragen
8586 4747 8670 4807 2026
8711 4745 8835 4805 Rthlr.
8858 4745 8892 4805 23
8931 4744 9028 4804 Sgr.
9045 4744 9056 4804 6
9107 4743 9186 4803 Pf.,
9215 4742 9385 4802 worunter

8005 4805 8055 4865 ſich
8088 4804 8127 4864 ein
8160 4801 8376 4861 anſehnliches
8410 4797 8615 4857 Königliches
8654 4793 8947 4853 Gnadengeſchenk
8975 4792 9136 4852 befindet.
9197 4793 9258 4853 Die
9297 4788 9385 4848 Aus⸗

8005 4852 8082 4912 gabe
8120 4849 8204 4909 1153
8242 4847 8364 4907 Rthlr.
8397 4844 8410 4904 1
8448 4844 8545 4904 Sgr.
8570 4844 8583 4904 9
8621 4843 8692 4903 Pf.
8731 4843 8782 4903 Es
8827 4842 8859 4902 iſt
8885 4841 8949 4901 alſo
8981 4841 9129 4901 Beſtand
9168 4841 9232 4901 873
9270 4841 9400 4901 Rthlr.

8011 4905 8049 4965 21
8079 4905 8179 4965 Sgr.
8202 4902 8217 4962 9
8256 4898 8348 4958 Pf.,
8378 4897 8433 4957 auf
8471 4895 8578 4955 welche
8617 4892 8762 4952 Summe
8793 4890 8923 4950 indeſſen
8961 4889 9016 4949 ſeit
9046 4889 9099 4949 dem
9154 4890 9215 4950 15.
9238 4887 9391 4947 Oktober

8001 4954 8037 5014 d.
8047 4953 8093 5013 J.
8114 4951 8228 5011 bereits
8259 4947 8461 5007 bedeutende
8487 4943 8683 5003 Zahlungen
8714 4940 8771 5000 zur
8808 4939 9020 4999 Anſchaffung
9056 4938 9118 4998 von
9154 4938 9392 4998 Winter⸗Be⸗

8005 5001 8180 5061 kleidungen
8222 4996 8422 5056 angewieſen
8470 4992 8531 5052 ſind
8567 4992 8585 5052 —
8639 4989 8790 5049 bekleidet
8826 4987 8954 5047 wurden
9002 4987 9075 5047 nach
9117 4988 9304 5048 Maßgabe
9341 4986 9395 5046 des

8004 5047 8226 5107 Bedürfniſſes
8259 5044 8326 5104 367
8359 5043 8481 5103 Kinder
8515 5040 8598 5100 (198
8637 5038 8771 5098 Knaben
8815 5036 8871 5096 und
8909 5037 8970 5097 169
9009 5036 9226 5096 Mädchen),
9248 5031 9398 5091 meiſtens

8004 5097 8170 5157 alternloſe
8201 5095 8281 5155 oder
8318 5093 8393 5153 doch
8430 5090 8609 5150 vaterloſe.
8670 5088 8720 5148 An
8757 5087 8844 5147 ſchon
8875 5086 9079 5146 erwachſene
9109 5084 9406 5144 hülfsbedürftige

8005 5140 8138 5200 Schüler
8171 5139 8227 5199 ſind
8255 5138 8528 5198 Geſangbücher,
8550 5138 8578 5198 ſo
8612 5137 8673 5197 wie
8706 5136 8734 5196 am
8778 5135 8868 5195 Tage
8901 5135 8957 5195 der
8979 5134 9202 5194 Jahresfeier
9225 5130 9408 5190 Schreibe⸗

8003 5196 8132 5256 bücher,
8171 5192 8344 5252 vertheilt.
8387 5188 8561 5248 Außerdem
8610 5186 8696 5246 zahlt
8729 5185 8783 5245 der
8816 5185 8930 5245 Verein
8973 5184 9022 5244 für
9054 5183 9163 5243 einige
9195 5183 9325 5243 Kinder
9352 5182 9401 5242 bis

7997 5246 8063 5306 jetzt
8091 5244 8163 5304 noch
8196 5241 8251 5301 das
8290 5238 8501 5298 Schulgeld.

8499 5416 8919 5476 Ausland.

8388 5502 8600 5562 Deutſche
8640 5498 9032 5558 Bundesſtaaten.

8099 5579 8299 5639 Bayern.
8349 5577 8633 5637 München,
8655 5575 8678 5635 im
8733 5574 8950 5634 November.
8984 5573 9039 5633 (A.
9068 5572 9134 5632 Z.)
9173 5572 9257 5632 Auch
9290 5572 9318 5632 in
9351 5571 9418 5631 die⸗

7999 5629 8037 5689 ſem
8096 5627 8205 5687 Jahre
8243 5626 8345 5686 haben
8383 5626 8465 5686 Se.
8492 5625 8660 5685 Majeſtät
8697 5624 8751 5684 der
8795 5622 8898 5682 König
8946 5621 8984 5681 an
9023 5621 9174 5681 mehrere
9201 5620 9407 5680 Individuen

7998 5677 8163 5737 namhafte
8194 5676 8365 5736 Beiträge
8401 5675 8556 5735 ertheilt,
8582 5674 8619 5734 um
8665 5673 8758 5733 ihnen
8800 5672 8852 5732 den
8888 5672 9033 5732 Eintritt
9063 5670 9090 5730 in
9131 5670 9183 5730 den
9214 5670 9333 5730 dabier
9364 5663 9416 5723 be⸗

7999 5726 8158 5786 ſtehenden
8194 5724 8625 5784 Unterſtützungs⸗Verein
8667 5722 8715 5782 für
8746 5722 8810 5782 das
8847 5721 8969 5781 Amts⸗
9001 5720 9054 5780 und
9086 5719 9420 5779 Kanzlei⸗Perſonal

8000 5775 8133 5835 möglich
8166 5774 8194 5834 zu
8228 5774 8388 5834 machen.
8466 5774 8583 5834 Dieſes
8621 5773 8732 5833 ſchöne
8766 5771 8827 5831 und
8860 5770 9082 5830 wohlthätige
9116 5768 9265 5828 Inſtitut
9298 5766 9420 5826 erfreut

8001 5825 8049 5885 ſich
8084 5825 8138 5885 des
8167 5824 8268 5884 beſten
8310 5823 8512 5883 Gedeihens
8553 5823 8618 5883 und
8654 5822 8707 5882 von
8749 5821 8844 5881 Jahr
8873 5820 8903 5880 zu
8945 5819 9034 5879 Jahr
9063 5818 9182 5878 wächſt
9211 5818 9259 5878 die
9294 5815 9426 5875 Anzahl

8004 5874 8100 5934 ſeiner
8130 5874 8360 5934 Mitglieder.
8420 5873 8499 5933 Der
8529 5872 8723 5932 beſtehende
8753 5867 9411 5927 Central⸗Verwaltungs⸗Ausſchuß

8003 5924 8150 5984 verdient
8179 5923 8230 5983 für
8264 5923 8327 5983 ſein
8361 5921 8656 5981 uneigennütziges
8690 5920 8821 5980 ſchönes
8849 5918 9025 5978 Beſtreben
9059 5917 9122 5977 und
9155 5914 9235 5974 ſeine
9269 5909 9410 5969 Thätig⸗

8005 5974 8062 6034 keit
8089 5973 8136 6033 die
8168 5973 8283 6033 vollſte
8320 5972 8589 6032 Anerkennung.

8110 6071 8382 6131 München,
8412 6078 8479 6138 12.
8503 6074 8600 6134 Nov.
8648 6070 8715 6130 Die
8752 6064 8964 6124 Sammlung
8994 6059 9042 6119 für
9073 6056 9121 6116 die
9151 6052 9254 6112 armen
9297 6047 9406 6107 Deut⸗

8004 6122 8081 6182 ſchen
8119 6121 8146 6181 in
8184 6120 8430 6180 Griechenland
8468 6117 8585 6177 nimmt
8617 6115 8727 6175 dahier
8765 6112 8824 6172 und
8856 6109 8953 6169 durch
8978 6104 9056 6164 ganz
9082 6100 9217 6160 Bayern
9249 6096 9340 6156 einen
9372 6096 9404 6156 ſo

8014 6171 8225 6231 erwünſchten
8261 6173 8473 6233 Fortgang,
8497 6168 8558 6228 daß
8607 6164 8643 6224 ſie
8674 6162 8746 6222 bald
8783 6158 8861 6218 wird
8891 6152 9073 6212 geſchloſſen
9109 6146 9230 6206 werden
9267 6143 9413 6203 können.

8015 6221 8099 6281 Eben
8135 6219 8159 6279 in
8196 6217 8298 6277 Folge
8328 6216 8383 6276 der
8413 6214 8443 6274 ſo
8479 6211 8618 6271 reichlich
8649 6207 8830 6267 fließenden
8854 6201 9011 6261 Beiträge
9035 6196 9150 6256 wurde
9180 6193 9228 6253 der
9265 6189 9398 6249 Wunſch

8015 6269 8192 6329 angeregt,
8214 6266 8275 6326 aus
8314 6264 8364 6324 den
8397 6261 8507 6321 Fonds
8541 6258 8596 6318 der
8629 6254 8895 6314 Hülfs⸗Vereine
8934 6248 9000 6308 auch
9028 6246 9084 6306 den
9128 6243 9161 6303 am
9200 6239 9399 6299 Bettelſtabe
