9616 6576
2887 407 3094 481 3444
1085 515 2949 590 Heute Morgen erhielt Ihre Majeſtät die neueſte Depeſche Seiner
1085 580 2789 657 Majeſtät des Königs, welche die Stadt mit Jubel erfüllt.
1218 646 2945 722 — Ihre Königliche Hoheit die Kronprinzeſſin
1091 707 2946 791 iſt am 31. v. Mts. in Homburg eingetroffen und hat am fol⸗
1089 776 2948 855 genden Tage die Beſichtigung der in Stadt und Umgegend be⸗
1089 843 2949 914 findlichen, mit zahlreichen Schwerverwundeten belegten Lazarethe
1084 922 1360 983 begonnen.
1173 1116 2855 1183 »Welch eine Wendung durch Gottes Führung!«
1211 1196 2950 1264 Von unſeres Königs Lippen kommen dieſe Worte in
1075 1276 2258 1344 einem großen entſcheidenden Moment.
1209 1355 2951 1423 Erblaßt iſt der Glanz der Kaiſerlichen Adler vor unſeren
1072 1435 2954 1505 ſiegreichen Fahnen. Die zweite große Armee Frankreichs hat
1071 1507 2954 1586 ſich ergeben, und der Kaiſer der Franzoſen iſt ſelbſt Sr. Majeſtät
1075 1597 1783 1664 des Königs Gefangener.
1206 1677 2953 1745 Mit den preußiſchen Fahnen ſteht das weiße Kreuz der
1073 1756 2808 1825 preußiſchen Landwehren ſiegreich auf franzöſiſchem Boden.
1206 1836 2949 1903 Dem Sohne und Enkel König Friedrich Wilhelms und
1067 1917 2947 1983 Louiſens ſind auch die Söhne und Enkel der Männer mit dem
1069 1998 2950 2066 weißen Kreuze von 1813 gefolgt. Unter dieſem heiligen Zeichen,
1069 2078 2948 2145 in wuchtigen Bataillonen haben ſie Weib und Kind mit dem⸗
1069 2157 2949 2228 ſelben freudigen Muth verlaſſen, um endlich unter Gottes
1069 2232 2952 2309 gnädiger Fügung das mit zu erkämpfen, was ihren Vätern,
1068 2317 2954 2385 trotz aller blutigen Opfer, zu erſtreiten nicht beſchieden war —
1067 2397 2949 2465 einen vollen, gerechten Frieden für unſer deutſches Vater⸗
1066 2479 1224 2534 land!
1205 2556 2948 2627 So Gott will, wird das große Werk nun bald vollbracht
1067 2635 2946 2706 ſein! Unſere ſiegreichen Krieger werden heimkehren, unter ihnen
1068 2716 2948 2788 die Söhne und Enkel der Ritter des eiſernen Kreuzes von 1813,
1068 2795 2945 2868 von den Greiſen mit zitternder Hand begrüßt! Viele der Sieger
1066 2876 2946 2951 ſelbſt mit dem eiſernen Kreuze geſchmückt, in dem ſich das Schwarz
1068 2956 2775 3025 und Weiß der vaterländiſchen Farben ſo ſchön vermählt!
1203 3036 2943 3102 Mit Stolz werden auch unſere deutſchen Stammes⸗ und
1067 3115 2944 3187 Kampfesgenoſſen aus Nord und Süd dieſes Kreuz auf der
1068 3195 2945 3270 Bruſt ihrer ſiegreichen Brüder und Söhne ſehen. Und dies ge⸗
1069 3273 2944 3346 meinſame Ehrenzeichen wird fortan ein ſchönes inhaltſchweres
1069 3353 2947 3429 Symbol ſein- für die langerſtrebte Einheit unſeres großen,
1070 3432 2308 3498 deutſchen Vaterlandes! Das walte Gott!
1203 3635 2939 3711 — Ihre Majeſtät die Königin erhielt in der fünften
1072 3704 2941 3781 Morgenſtunde des heutigen Tages das inhaltsreiche Telegramm,
1071 3770 2940 3835 welches die Kapitulation von Sedan und die Er⸗
1066 3835 2940 3912 gebung des Kaiſers Napoleon an Se. Majeſtät
1061 3901 2939 3975 den König meldet. Allerhöchſtdieſelbe ließ dieſe De⸗
1064 3966 2937 4041 peſche ſogleich auf den gewöhnlichen Wegen verbreiten
1063 4032 2938 4110 und war die Siegesnachricht bereits an einem großen Theile
1067 4098 2936 4175 der Säulen angeſchlagen, als die Bewohner der Hauptſtadt an
1058 4164 2936 4243 ihr Tagewerk zu gehen begannen. Schon um 8 Uhr wehte in
1055 4230 2932 4306 den Straßen Flagge an Flagge; auf den Dächern, in den
1054 4296 2932 4372 Fenſtern ſelbſt der entlegenſten Straßen zeigte ſich heute das
1055 4363 2929 4439 Feſtgewand der allgemeinen Stimmung, welche durch die von
1052 4429 2931 4510 Sedan eingetroffene Nachricht zum höchſten Jubel geſteigert
1050 4496 1277 4549 worden.
1188 4561 2924 4640 Unter den Linden und in den angrenzenden Straßen
1051 4627 2926 4705 wogten ſeit dem frühen Morgen Tauſende auf und ab, deren
1041 4691 2924 4777 Menge, je näher dem Königlichen Palais, um ſo gedrängter
1046 4758 2925 4837 wurden. Von dem Brandenburger Thor wehte eine
1048 4823 2922 4906 Flagge; die Victoria auf demſelben war ſiegbekränzt.
1045 4889 2921 4969 Vom Pariſer Platz aus begleiteten den General⸗Feldmarſchall
1044 4954 2921 5038 von Wrangel, der unter endloſem Jubel ſich in das Königliche
1042 5020 2920 5108 Palais begab, zahlloſe Schaaren der aufwachſenden Jugend.
1039 5087 2917 5165 — Die Volksmenge vor dem Königlichen Palais wuchs von
1042 5150 2917 5228 Stunde zu Stunde; Ihre Majeſtät die Königin erſchien wieder⸗
1043 5216 2916 5290 holt auf dem Balkon, um den jubelnden Dank des Volks ent⸗
1043 5284 2916 5367 gegenzunehmen. Patriotiſche Geſänge wechſelten mit zahl⸗
1042 5349 2915 5434 loſen Hurrahrufen. Gegen 10 Uhr begannen Umzüge
1040 5414 2913 5498 durch die Stadt. Die Schulen hatten faſt durch⸗
1039 5481 2912 5564 weg, und vereinzelt auch die Geſchäfte geſchloſſen: ganze Klaſſen
1038 5546 2911 5631 der erſteren zogen, voran ihre Fahnen oder die bekränzte letzte
1040 5612 2911 5689 Depeſche tragend, die Linden entlang. Später folgten die Um⸗
1038 5676 2911 5755 züge verſchiedener Gewerke, unter denen die Maſchinenbauer
1040 5743 2909 5822 den Anfang machten. Voran eine große Fahne, welche »Die
1038 5806 2909 5891 Wacht am Rhein« als Inſchrift führte, zogen dieſel⸗
1042 5869 2908 5948 ben vom Oranienburger Thore bis an das Denkmal
1038 5933 2903 6027 König Friedrich II., das bis auf ſeine höchſten
1038 5998 2905 6088 Punkte mit Jubelnden bedeckt war, das Roß bekränzt, der
1033 6065 2902 6155 König mit einem Lorbeerkranze geſchmückt und in der Hand
3040 517 4830 630 eine wehende Fahne. Andere Volksmengen zogen vom Palais
3040 584 4836 700 zu den Miniſterien; vor den Hotels des Grafen Bismarck, des
3040 649 4830 767 Kriegs⸗Miniſters, des Generalſtabes erſchallten die zeitgemäßen
3040 714 4829 825 Lieder; den ganzen Tag über wogte eine ſtündlich ſich mehrende
3038 779 4487 851 Menge die Straßen der Hauptſtadt auf und ab.
3177 1010 4833 1123 — Von den beiden Hauptpunkten des Kriegsſchauplatzes
3042 1074 4833 1192 ſind in den letzten Tagen Nachrichten über wichtige Ereigniſſe
3043 1142 4836 1257 eingegangen, welche von erheblichem Einfluß auf den ge⸗
3042 1200 4832 1308 ſammten Fortgang der kriegeriſchen Operationen ſind. Das
3045 1274 4833 1385 nahezu gleichzeitige Eintreffen derſelben geſtattet den Schluß,
3045 1340 4835 1452 daß die Bemühungen und Bewegungen der Marſchälle
3044 1406 4828 1504 Mac Mahon und Bazaine eine kombinirte Operation
3046 1471 4831 1578 ſein ſollten, und zwar diejenige, welche der Graf Palikao ſo
3045 1539 4833 1645 geheimnißvoll im geſetzgebenden Körper ſeit acht Tagen ange⸗
3046 1605 4835 1709 deutet, mit welcher er die täglich mehr ſinkenden Hoffnungen
3044 1670 4833 1767 der Pariſer anzufeuern verſucht, und deren der »Gaulois« als
3045 1736 4823 1828 beſtimmt am 30. und 31. Auguſt zur Ausführung kommend
3044 1802 3419 1868 erwähnt hat.
3181 1869 4834 1967 Sedan und Metz ſind die momentanen Schwerpunkte,
3042 1934 4824 2023 die Kardinalpunkte des Feldzuges von der Moſel bis Paris
3040 2002 4822 2088 geworden: von beiden feſten Plätzen ſteht es feſt, daß die
3040 2067 4822 2168 deutſchen Waffen dort wie hier Erfolge von der größten Trag⸗
3040 2134 3689 2201 weite errungen haben.
3179 2200 4822 2285 Während Mac Mahon ſeit einer Woche ſich vergeblich be⸗
3040 2266 4821 2355 mühte, zur Entſetzung Bazaine's durchzubrechen, erhielt dieſer
3027 2332 4819 2420 ſelbſt aufs Neue den Beweis, daß die Metz cernirenden Corps
3040 2399 4821 2479 nicht Willens waren, ihn mit ſeinem durch Hunger und Krank⸗
3030 2462 4820 2555 heit bereits hart mitgenommenem Heere ſich durchſchlagen zu
3025 2531 4820 2615 laſſen. Bazaine verſuchte einen ſtarken Ausfall nordoſtwärts
3039 2597 4819 2675 der Feſtung und wurde trotz ſeiner großen Uebermacht von dem
3039 2664 4819 2747 oſt⸗ und weſtpreußiſchen Armee⸗Corps und der Reſerve⸗Diviſion
3038 2731 4818 2805 von Kummer überall ſiegreich zurückgeſchlagen. Allem Ver⸗
3037 2796 4818 2876 muthen nach iſt dieſe bis jetzt hierher gelangte Mit⸗
3037 2863 4817 2941 theilung nur der Vorbote weiterer Nachrichten; es iſt keines⸗
3036 2930 4817 3012 wegs anzunehmen, daß es dem Marſchall Bazaine in der That
3036 2995 4816 3079 Ernſt ſein ſollte, auf dem rechten Moſelufer hin auszubrechen;
3036 3062 4815 3138 vielmehr läßt ſich annehmen, daß der Ausfall des ein⸗
3034 3128 4814 3212 geſchloſſenen Marſchalls am 1. September in der Richtung
3034 3194 4813 3269 auf Ste. Barbe nur ein Scheinangriff geweſen iſt, dem voraus⸗
3034 3260 4810 3340 ſichtlich weitere Stöße auf die Armee des Prinzen Fried⸗
3035 3326 4811 3403 rich Karl folgen werden, welcher denſelben jedenfalls mit noch
3035 3392 4811 3469 konzentrirteren Truppenmengen wie der faſt iſolirte General
3039 3459 3916 3528 v. Manteuffel begegnen wird.
3171 3524 4810 3601 Bei Weitem größer wie die Erfolge unſerer Waffen bei
3031 3590 4810 3663 Metz ſind diejenigen, welche die Kapitulation von Sedan
3031 3653 4811 3740 und des in die Feſtung zurückgeworfenen Heeres des
3030 3722 4809 3802 Marſchalls Mac Mahon, Herzogs von Magenta, melden.
3169 3787 4809 3868 Am 30. Auguſt begann nach vorangegangenem Avantgar⸗
3031 3853 4810 3940 dengefecht bei Nouart die Schlacht bei Beaumont, in welcher
3029 3919 4809 4003 der Marſchall Mac Mahon in nördlicher Richtung über die
3027 3985 4810 4069 Maas zurückgedrängt wurde; am folgenden Tage wurde der⸗
3028 4052 4810 4139 ſelbe von der durch mehrere Corps der III. Armee verſtärkten
3026 4120 4814 4196 preußiſch⸗ſächſiſchen Armee⸗Abtheilung in der Stellung bei
3024 4184 4811 4268 Vaux auf dem rechten Ufer der Maas auf's Neue angegriffen
3023 4252 4810 4333 und in der Richtung auf Sedan zurückgeworfen, und am
3024 4317 4811 4406 1. September folgte bei dieſer Feſtung und in deren faſt ganzem Um⸗
3022 4384 4810 4470 kreiſe der entſcheidende Schlag, wie es ſcheint, unter des
3020 4449 4810 4532 Königlichen Oberfeldherrn perſönlicher Führung. Die Kapitu⸗
3019 4515 4810 4596 lation iſt franzöſiſcherſeits, da der Marſchall Mac Mahon ſelbſt
3020 4584 4809 4664 verwundet iſt, von dem der Anciennetät nach älteſten komman⸗
3019 4647 4808 4728 direnden General, von Wimpffen, unterzeichnet worden und
3018 4714 4808 4795 erſtreckt ſich auf ſämmtliche in der Feſtung befindliche Kaiſerliche
3016 4780 4807 4860 Truppen, die, nach vorheriger Gefangennehmung von etwa
3011 4845 4807 4928 8000 Mann und Verſprengung von etwa halb ſo viel auf
3014 4913 4806 4995 belgiſches Gebiet, immerhin noch viele Tauſende betragen müſſen,
3012 4976 4807 5057 da ſie Theile des I., V., VII., XII. Corps und der Kavallerie
3012 5044 4809 5125 des VI. umfaſſen. Unter den Corps⸗Commandeurs ſind außer
3010 5111 4807 5192 dem Herzog von Magenta die Generale von Wimpffen, Felix
3009 5176 4804 5258 Douay (Bruder des bei Weißenburg gefallenen Abel Douay),
3007 5243 3713 5311 und Lebrun zu nennen.
3139 5308 4804 5389 Gleichzeitig mit der Kapitulation der Armee hat ſich der
3006 5366 4804 5455 Kaiſer Napoleon für ſeine Perſon der Perſon Sr. Majeſtät
3006 5438 4802 5518 des Königs ergeben, Allerhöchſtwelcher über den Aufenthalt
3005 5506 4800 5589 des Kaiſers der Franzoſen die weitere Beſtimmung treffen wird.
3143 5569 4800 5653 Der Vormarſch auf Paris hat allerdings in Folge der
3003 5630 4801 5719 Cooperation der beiden franzöſiſchen Heerführer einen Aufent⸗
3001 5694 4804 5780 halt erlitten, doch nur von wenigen Tagen, da der Kronprinz
3002 5770 4799 5851 von Preußen nun die nördliche, ſtatt der anfangs ihm zuge⸗
3000 5825 4804 5916 theilten ſüdlichen Straße auf die Hauptſtadt einſchlagen wird.
2999 5898 4799 5981 Schon die kommende Woche wird beweiſen, ob dieſe Verzögerung
3000 5967 4800 6046 von drei Mal 48 Stunden, welche Palikao und Trochu gewonnen
2999 6020 4799 6109 haben, mit dem Verluſt zweier Feld⸗Armeen — und zwar der
2997 6095 4659 6177 letzten des Landes — nicht zu theuer erkauft ſein dürfte.
6720 519 6920 594 3445
5030 615 6780 686 Emanuel Felix von Wimpffen, welcher nach Verwundung
4932 671 6777 753 des Marſchalls Mac Mahon die Kapitulation von Sedan unter⸗
4934 736 6770 821 zeichnet hat, iſt am 13. September 1811 geboren. Derſelbe war Zög⸗
4937 791 6773 870 ling der Schule zu St. Cyr, trat dann in die Infanterie
4936 847 6775 925 ein, wurde 1840 Capitain, 1847 Bataillons⸗Chef in Algier
4935 908 6767 983 und 1853 dort Regiments⸗Commandeur. Während des Krim⸗
4929 965 6768 1052 krieges wurde er Brigade⸗General (17. März 1855) und der
4934 996 6766 1101 Kaiſerlichen Garde attachirt; am italieniſchen Kriege nahm er mit
4935 1083 6762 1156 Auszeichnung Theil, und noch während deſſelben wurde er zum Divi⸗
4935 1142 6761 1223 ſions⸗General ernannt, in welcher Eigenſchaft er von 1860 ab in Lyon
4933 1197 6763 1278 ſtand, bis bald darauf ſeine Ernennung zum Commandeur der Provinz
4931 1260 6764 1332 Oran erfolgte. General von Wimpffen iſt ſeit dem 21. Auguſt 1854
4926 1314 6762 1389 Commandeur, ſeit dem 12. Auguſt 1861 Großoffizier der Ehrenlegion.)
5016 1404 6763 1478 — Vom Kriegsſchauplatze liegen folgende Nachrich⸗
4933 1489 5130 1544 ten vor:
5032 1536 6761 1605 Brüſſel, 2. September. (W. T. B.) Mit den über
4931 1599 6760 1675 unſere Grenze getretenen und entwaffneten 3000 Franzoſen,
4930 1669 6758 1740 welche nach Beverloo dirigirt werden, ſind auch mehrere Four⸗
4931 1734 6760 1816 gons, 500 Pferde, 2 Geſchütze und anderes Material über die
4930 1802 5427 1868 Grenze gekommen.
5025 1866 6759 1938 — Abends. Die Zahl der über die Grenze getretenen
4927 1931 6756 2002 und entwaffneten Franzoſen iſt noch weiter gewachſen. Auch
4929 1998 6756 2070 äußerſt zahlreiche verwundete Franzoſen ſind eingetroffen. Die⸗
4925 2064 6760 2139 ſelben, ſo wie preußiſche Verwundete, welche die Grenze über⸗
4925 2131 6409 2199 treten, finden Aufnahme in den Militärhoſpitälern.
5016 2224 6752 2295 — Franzöſiſcherſeits liegt vom Kriegsſchauplatz fol⸗
4922 2291 5598 2365 gendes Telegramm vor:
5014 2356 6748 2428 Paris, 3. September. (Auf indirektem Wege.) (W.
4920 2417 5190 2492 Tel. Bur.)
5023 2487 6746 2557 Das »Journal officiel« ſchreibt: Das Kriegs⸗Miniſterium
4920 2554 6744 2628 hat geſtern über das Reſultat des Kampfes am Donnerſtag
4920 2615 6743 2690 noch keine offizielle Depeſche erhalten. Die anderweitigen hier
4921 2686 6741 2755 eingelaufenen Nachrichten ſind zu widerſprechender Art, um be⸗
4915 2754 5514 2820 rückſichtigt zu werden.
5013 2888 6736 2955 — Das General⸗Poſtamt hat angeordnet, die aus dem
4916 2954 6734 3029 Felde zurückgekommenen Briefe ꝛc., deren Adreſſaten laut dem
4916 3021 6736 3088 vom Truppentheile gemachten Vermerk gefallen ſind oder ver⸗
4912 3087 6735 3154 mißt werden, den Abſendern in möglichſt rückſichtsvoller
4911 3154 6732 3222 Weiſe zurückzugeben. Im Anſchluß hieran iſt den Poſt⸗
4911 3220 6733 3286 anſtalten unter dem 1. d. Mts. empfohlen worden, in den
4909 3283 6734 3353 ländlichen Diſtrikten hierbei die Vermittelung der Ortsgeiſt⸗
4908 3352 6735 3418 lichen in Anſpruch zu nehmen. — Das General⸗Poſtamt
4908 3418 6735 3484 hat ferner von den Poſtanſtalten eine genaue Ueberſicht
4911 3483 6735 3552 aller zur Fahne oder zur Feldpoſt einberufenen Poſtbeamten,
4908 3548 6733 3618 Poſtillone ꝛc. erfordert, welche fallen, verwundet werden,
4907 3615 6729 3682 in Gefangenſchaft gerathen oder in Folge von Krankheiten im
4907 3676 6728 3753 Felde ſterben. — Bei der hieſigen Ober⸗Poſtdirektion lagert eine
4906 3747 6725 3814 große Anzahl von Briefen an franzöſiſche Verwundete und
4904 3811 6725 3880 Gefangene, die nicht beſtellt werden können, weil der Beſtim⸗
4904 3881 6723 3946 mungsort nicht oder ungenau angegeben iſt. Der Ober⸗Poſt⸗
4904 3943 6722 4010 Direktor hat deshalb die Poſtanſtalten in den preußiſchen
4902 4008 6722 4079 Feſtungen der öſtlichen Provinzen um Verzeichniſſe der dort
4899 4070 6719 4146 internirten Gefangenen, gleichzeitig um ſpätere fortlaufende
4899 4139 6722 4211 Mittheilungen über Ab⸗ und Zugang von Gefangenen erſucht,
4899 4209 6722 4278 auch den übrigen Ober⸗Poſtdirektoren Kenntniß von dieſer
4897 4269 5444 4345 Anordnung gegeben.
4990 4370 6717 4438 — Heute und morgen gehen von hier Beamte, Unter⸗
4897 4428 6716 4502 beamte und Poſtillons mit 200 Poſtpferden und Wagen nach
4894 4493 6715 4570 dem Kriegsſchauplatze, um am Beförderungsdienſt theilzunehmen.
4992 4593 6715 4664 Königsberg, 3. September. (W. T. B.) Die hieſige
4898 4651 6716 4727 Bürgerſchaft beſchloß einſtimmig in der geſtern Abend ſtattge⸗
4893 4718 6716 4793 habten ſehr zahlreich beſuchten Verſammlung eine Adreſſe an
4891 4777 6715 4862 Se. Majeſtät den König zu richten, die der in Berlin erlaſſenen
4891 4853 5318 4925 völlig entſpricht.
4992 4922 6715 4990 Swinemünde, 2. September. (Oſtſee⸗Ztg.) Das heute
4886 4978 6716 5056 Nachmittag von Dünkirchen hier angekommene Schiff »Willy«,
4885 5044 6709 5125 Kapt. Küſter, hat von Kopenhagen bis hierher keine franzöſi⸗
4885 5108 5590 5192 ſchen Kriegsſchiffe geſehen.
4983 5181 6712 5256 Frankfurt a. M., 3. September. (W. T. B.) Schon
4884 5233 6713 5323 ſeit den frühen Morgenſtunden iſt die Stadt in Folge der ein⸗
4883 5313 6706 5388 getroffenen Siegesnachrichten in freudigſter Erregung. Ueberall
4879 5373 6710 5453 reicher Flaggenſchmuck, die Straßen erfüllt von vielen Tauſen⸗
4877 5433 6711 5518 den von Menſchen. Vor dem Hauſe des Stadtkommandanten
4881 5508 6711 5585 und des Polizei⸗Präſidenten wurden von einer zahlloſen Menge
4880 5565 6468 5650 begeiſterte Ovationen für König und Heer dargebracht.
4977 5642 6711 5716 Homburg v. d. Höhe, 31. Auguſt. (Rh. K.) Heute
4878 5692 6711 5780 Mittag gegen 1 Uhr traf Ihre Königliche Hoheit die Kron⸗
4876 5762 6709 5843 prinzeſſin mit ihren Kindern und einem Gefolge von circa
4873 5829 6714 5908 40 Perſonen mit einem Extrazug hier ein und fuhr, von den
4872 5885 6712 5977 Spitzen der Behörden begrüßt, durch die feſtlich geflaggte Stadt
4869 5962 5232 6041 zum Schloſſe.
4985 6034 6711 6101 Bremen, 3. September. (W. T. B) Der Jubel, mit
4872 6083 6715 6177 dem die letzten glorreichen Nachrichten vom Kriegsſchauplatz
4871 6158 6711 6238 aufgenommen wurden, iſt unbeſchreiblich. Zur Feier des Sie⸗
6864 632 8736 709 ges wurde mit ſämmtlichen Glocken geläutet. In allen Stra⸗
6867 696 8744 782 ßen, Haus bei Haus, reicher Fahnenſchmuck. Eine zahl
6861 762 8744 845 reiche Menge, die ſich zu den gewonnenen Erfolgen
6860 826 8735 909 in freudigſter Bewegung beglückwünſcht, erfüllt die
6860 891 8736 975 Straßen. — Gegen Mittag fand eine erhebende Feier
6860 957 8733 1042 auf dem Marktplatz vor dem Rathhauſe ſtatt. Nachdem daſelbſt
6860 1022 8729 1106 der Choral: »Nun danket alle Gott« von einer unüberſehbaren
6855 1086 8730 1176 Menſchenmenge unter Inſtrumentalbegleitung geſungen war,
6856 1154 8725 1242 hielt Paſtor Schmelzkopf eine Rede, die mit großer Begeiſterung
6858 1220 8728 1305 aufgenommen wurde. Darauf wurde das Lied »Heil unſerm
6855 1283 8726 1371 König Heil« und »Die Wacht am Rhein« geſungen. Für den
6855 1349 8725 1438 Abend werden Vorbereitungen zu einer großartigen Illumina⸗
6857 1416 7263 1484 tion getroffen.
6989 1524 8719 1614 Heſſen. Darmſtadt, 1. September. Der Groß⸗
6853 1588 8717 1680 herzog hat von heute an ſein Hoflager von Friedberg nach
6862 1655 7584 1729 Darmſtadt zurückverlegt.
6982 1717 8704 1801 — Mainz, 2. September. (W. T. B.) Der Ge⸗
6851 1786 8710 1875 meinderath beſchloß in heutiger Sitzung, eine Adreſſe an
6852 1851 8710 1940 Se. Majeſtät den König von Preußen zu erlaſſen, worin
6852 1918 8709 2007 es heißt, es ſei nur Eine Stimme aller dem Vaterlande ergebenen
6848 1982 8706 2072 Männer, daß Deutſchland vor Allem die zu ſeinem Schutze erforder⸗
6849 2049 8702 2130 lichen Friedensbedingungen zu beſtimmen habe. Die Stadt
6846 2114 8701 2197 Mainz, ſo wie ſämmtliche Städte und Bewohner des linken
6845 2181 8701 2271 Rheinufers, danken dem ſiegreichen Vorgehen der deutſchen Heere,
6845 2246 8700 2336 daß ſie nicht von dem Kriege heimgeſucht wurden, und hegen
6844 2312 8700 2400 die feſte Ueberzeugung, daß nur die neue Regelung der deutſchen
6843 2377 8699 2466 Grenzen eine künftige Sicherſtellung verſchaffe. Das deutſche
6842 2444 8701 2533 Volk lebe der Zuverſicht, daß der erhabene Heerführer die Bürg⸗
6839 2510 8701 2598 ſchaften eines dauernden Friedens erzielen und ein in Freiheit
6838 2578 8696 2665 geeinigtes Vaterland die ihm gebührende Machtſtellung erlangen
6836 2639 7008 2698 werde.
6966 2750 8722 2829 Oeſterreich⸗Ungarn. Wien, 2. September. Nach der
6829 2816 8696 2899 Kundmachung der Staatsſchulden⸗Kontrolkommiſſion des Reichs⸗
6827 2884 8696 2964 raths waren Ende Auguſt 411,999,212 Fl. 45 Kr. Partial⸗
6826 2947 8467 3029 Hypothekar⸗Anweiſungen und Staatsnoten im Umlauf.
6962 3029 8691 3111 Brünn, 1. September. Der Landtag nahm einſtimmig
6829 3094 8685 3167 folgende von Dr. Sturm beantragte Reſolution an: Der
6825 3159 8687 3236 Landtag hält feſt an der Selbſtändigkeit Mährens in dem
6827 3227 8690 3305 unmittelbaren Reichsverbande und betrachtet die Staatsgrund⸗
6827 3291 8695 3370 geſetze als den einzigen legalen Rechtsboden für eine Verſtän⸗
6829 3359 8691 3438 digung. Der Landtag verwahrt ſich gegen die Anerkennung
6829 3423 8692 3499 des böhmiſchen Staatsrechtes und General⸗Landtages und hält
6829 3489 8689 3564 die endliche Konſolidirung der Verfaſſung und ſtrenge Neu⸗
6826 3555 8687 3633 tralität für das unabweisbare Bedürfniß der Monarchie. Hier⸗
6824 3621 7820 3690 auf wurde die Seſſion geſchloſſen.
6955 3683 8687 3764 Lemberg, 1. September. Der Landtag nahm die Adreſſe
6820 3752 8684 3828 an den Kaiſer unverändert an; die Ruthenen ſtimmten dagegen.
6817 3816 8681 3893 Smolka zog den Reſolutionsantrag wegen Verwahrung bei
6813 3876 8681 3955 den Reichsrathswahlen zurück. Hierauf folgten die Reichsraths⸗
6815 3946 7032 4001 wahlen.
6949 4027 8675 4097 Graz, 1. September. Karlon beantragte im Namen der
6813 4092 8673 4166 Klerikalen und Slovenen, die Berathung des Voranſchlages zu
6814 4159 8672 4233 vertagen, weil ſie ſich wegen Kürze der Zeit nicht informiren
6812 4225 8671 4295 konnten. Der Antrag wurde abgelehnt, weshalb ſie ſich der Ab⸗
6810 4291 8243 4360 ſtimmung enthielten; die Meiſten entfernten ſich.
6946 4370 8666 4439 Klagenfurt, 1. September. Der Voranſchlag des Lan⸗
6811 4436 8666 4507 desfonds pro 1871 wurde genehmigt und zur Deckung des
6809 4502 8167 4572 Abganges eine 19prozentige Umlage bewilligt.
6946 4582 8669 4660 Prag, 1. September. Die Kommiſſion behufs der for⸗
6810 4646 8672 4716 mellen Behandlung der Kaiſerlichen Botſchaft beantragte bei
6810 4714 8666 4791 dem Landtage einſtimmig eine Adreſſe, zu welchem Behufe
6809 4779 8667 4846 eine Kommiſſion aus 21 Mitgliedern zu wählen iſt. Herbſt
6810 4846 8667 4910 glaubt, daß trotz Adreſſe die Reichsrathswahlen vorzunehmen
6808 4911 8664 4977 ſind, da das Recht und die Pflicht zur Vornahme der Reichs⸗
6807 4975 8669 5043 rathswahlen nicht erſt aus der Kaiſerlichen Botſchaft, ſondern aus
6804 5041 8663 5109 der Landtagsordnung fließen. Berichterſtatter Graf Clam⸗
6805 5106 8666 5175 Martinitz ſagte: Die Aufforderung zur Vornahme der Reichs⸗
6806 5167 8664 5240 rathswahlen ſei ein integrirender Beſtandtheil der Kaiſerlichen
6806 5237 8663 5304 Botſchaft, daher dieſelbe nicht vor deren Erledigung an die
6805 5302 8660 5375 Tagesordnung kommen kann. Der Kommiſſionsbericht in Be⸗
6806 5367 8658 5437 treff Erlaſſung einer Adreſſe wurde einſtimmig angenommen.
6802 5432 8658 5501 Hierauf wurden die Wahlverifikationen vorgenommen und das
6803 5498 7388 5568 Eidgelöbniß geleiſtet.
6919 5576 8659 5643 — Nach den Wahlverifikationen bat der czechiſche Ab⸗
6800 5641 8656 5715 geordnete Zeithammer ums Wort und ſagte: Die Czechen
6799 5707 8657 5777 ſeien in dieſe Verſammlung getreten, um das Wort des Kaiſers
6801 5772 8660 5842 zu hören und nicht um ſich mit anderen Angelegenheiten
6801 5838 8653 5908 zu befaſſen, indem ſie die Verſammlung nicht für den
6803 5903 8660 5971 legalen Landtag halten. Der Präſident möge daher
6803 5969 8655 6034 die Verhandlungen aller Angelegenheiten adminiſtrativer und
6803 6034 8658 6102 legislativer Natur vertagen bis zur ſchließlichen Erledigung der
6801 6098 8656 6166 Adreſſe an Se. Majeſtät. — Graf Leo Thun ſprach den gleichen
6801 6163 8654 6232 Wunſch der Großgrundbeſitzer aus, welche dieſen Antrag Zeit⸗
6632 6243 6824 6303 431 ¼*
