10728 7464
3332 1045 3426 1135 4
1429 1109 3331 1226 geſetzt. Die Einwohner von Fontenay⸗ſous⸗Bois, Montreuil,
1423 1176 3329 1291 Vincennes und Bagnolet kehrten wieder in ihre Wohnungen
1412 1242 1629 1315 zurück.
1547 1310 2483 1405 — 31. Dezember. (W. T. B.)
1550 1377 3318 1479 Mittelſt Ballon eingetroffene Nachrichten aus Paris vom
1417 1442 3316 1545 30. Dezember Abends melden: Das Plateau von Mont Avron
1411 1512 3316 1623 wurde geſtern Morgen geräumt, nachdem die Geſchütze fortgeſchafft
1416 1580 3309 1691 waren. General Trochu leitete die Operationen. Die Preußen
1410 1642 3308 1754 haben geſtern den ganzen Tag die Forts Noiſy, Rosny und
1410 1708 3306 1814 Nogent ſehr lebhaft beſchoſſen. Heute hat das Feuer etwas
1410 1780 3304 1886 nachgelaſſen. Die Räumang des Mont Avron hat auf die
1407 1838 3308 1959 Bevölkerung einen ſehr niederſchlagenden Eindruck gemacht.
1404 1909 3296 2015 Die Kälte iſt bis auf 10 Grad geſtiegen. Die Anzahl der von
1398 1975 3297 2088 den Preußen in den letzten beiden Tagen verſchoſſenen Projektile
1400 2043 2160 2125 wird auf 12,000 geſchätzt.
1532 2110 2204 2188 Lille, 31. Dezember.
1529 2177 3291 2286 Bei Abbeville hat ein kleines Gefecht ſtattgefunden, in
1384 2241 3294 2352 Folge deſſen es den Preußen gelang, eine Abtheilung mobili⸗
1382 2308 2653 2400 ſirter Nationalgarde gefangen zu nehmen.
1512 2380 3281 2478 — »Daily News« erfährt, daß am 27. d. durch die bei
1391 2440 3290 2550 Raincy aufgeſtellten Batterien 12 Bomben in Paris hinein⸗
1385 2509 3279 2609 geſchleudert wurden. Die Franzoſen verſuchen, ueue Batterien
1388 2576 3276 2691 auf der Ebene zwiſchen Cournal und Drancy in der Richtung
1383 2643 2245 2724 auf Le Bourget zu errichten.
1514 2710 3274 2811 Bern, 31. Dezember. Wie dem »Berner Bund« aus
1377 2773 3272 2886 Pruntrut vom heutigen Tage gemeldet wird, ſind neue deutſche
1377 2840 3266 2941 Truppen vor Belfort eingetroffen. General Tresckow war am
1380 2907 3265 3012 29. Dezember auf einer Rekognoszirung in Delle angekommen.
1373 2973 3263 3086 Bei Grandvillars errichten die deutſchen Truppen Verſchanzungen.
1501 3043 3262 3146 Marſeille, 30. Dezember. Die Munizipalität hat be⸗
1361 3100 3258 3221 ſchloſſen, die Stadt ſobald als möglich in Vertheidigungszuſtand
1361 3183 1718 3252 zu verſetzen.
1500 3245 3270 3352 — Wie der »Indépendance« aus Lyon vom 28. d. ge⸗
1366 3308 3256 3413 meldet wird, iſt der Oberſt Celler ſeinen in der Schlacht bei
1359 3371 3253 3473 Nuits erhaltenen Wunden erlegen. — Anläßlich der Ermor⸗
1365 3440 3255 3547 dung Arnaud's haben bereits etwa 60 Verhaftungen ſtatt⸗
1355 3506 3251 3610 gefunden. — Jeder Legion der mobiliſirten Nationalgarde wird
1354 3573 2613 3662 eine Compagnie Scharfſchützen beigegeben.
1486 3642 3246 3748 Augsburg, 1. Januar. (W. T. B.) Die »Allgemeine
1357 3704 3244 3815 Zeitung« enthält ein Telegramm aus Bern vom 31. Dezember,
1351 3773 3242 3876 nach welchem 10,000 Franzoſen von Hippolite auf Pont Ro de
1351 3841 3240 3942 marſchiren. General von Treskow hat Delle paſſirt. Bei
1348 3901 3235 4012 Hérimoncourt ſoll es zu einem Zuſammenſtoß gekommen ſein.
1464 4088 3233 4186 — Aus dem letzten Rapport der Feldpoſtexpedition
1334 4148 2622 4242 der Reſerve des VIII. Armee⸗Corps:
1467 4219 3230 4319 Die Poſtverbindung mit dem Feldpoſtamte des VIII. Armee⸗
1333 4281 3228 4390 Corps bezw. den Feldpoſtrelais iſt eine mindeſtens einmal täg⸗
1326 4349 3227 4453 liche geweſen, mit Ausnahme der Zeit vom 14. bis 17. Dezem⸗
1310 4415 3217 4517 ber. Da das Feldpoſtamt an dieſen Tagen den Weg von
1327 4479 3215 4589 Hâvre an der Küſte entlang über Dieppe genommen hat, wäh⸗
1326 4547 3217 4649 rend die Corps⸗Artillerie zunächſt direkt auf Amiens, ſodann
1328 4614 3212 4722 nach Beauvais und demnächſt wieder in der Richtung auf
1321 4677 3208 4780 Amiens marſchirt iſt, konnte am 14. und 16. Dezember nur
1317 4744 2506 4828 je ein Poſttransport abgelaſſen werden.
1448 4814 3207 4919 Die Abholung der Korreſpondenz Seitens der Truppen⸗
1306 4877 3206 4989 theile iſt, ſoweit es die täglichen Märſche überhaupt zuließen,
1301 4948 1856 5022 regelmäßig erfolgt.
1440 5015 3200 5123 Die Zuführung der Feldpoſtſendungen an die Truppen
1299 5077 3198 5187 konnte wegen des Vorſtoßes der ſranzöſiſchen Nordarmee nach
1297 5144 3200 5255 Süden und der Aufrollung mehrerer Feldpoſtcourſe und Feld⸗
1292 5212 3191 5321 poſtrelais nicht regelmäßig bewirkt werden. In den letzten
1291 5276 3198 5383 Tagen ſind die rückſtändigen Poſten indeß expedirt worden
1291 5347 2623 5442 und haben ſich Briefmaſſen nicht angehäuft.
1424 5512 3183 5618 Hildesheim, 30. Dezember. Geſtern Nachmittag wurde
1284 5575 3177 5680 die Leiche des verſtorbenen Biſchofs Eduard Jacob Wedekin
1282 5642 3184 5755 im Dome, weſtlich neben dem Grabmale des letzten Fürſt⸗
1278 5706 3173 5827 biſchofs von Hildesheim und Paderborn, Franz Egon, feierlichſt
1270 5773 1531 5848 beigeſetzt.
1413 5845 3167 5947 — Der Domkapitular Jacobi wurde zum Kapitels⸗Vikar
1275 5910 3164 6026 erwählt und führt bis zur Wiederbeſetzung des biſchöflichen
1271 5973 2243 6062 Stuhles die oberſte Verwaltung.
1400 6042 3165 6151 Cöln, 1. Januar. Die engliſche Poſt aus London vom
1268 6105 2327 6194 31. Dezember früh iſt ausgeblieben.
1396 6173 3155 6279 Sachſen. Dresden, 31. Dezember. Der Staats⸗ und
1261 6239 3153 6356 Kriegs⸗Miniſter General⸗Lieutenant von Fabrice hat ſich
1257 6310 3150 6427 vorgeſtern bei den Beamten des Königlichen Kriegs⸗Miniſte⸗
1255 6373 3161 6489 riums verabſchiedet und iſt in Begleitung des Majors von
1245 6438 3145 6555 Helldorff und des Premier⸗Lieutenants Freiherrn von Hauſen
1235 6506 2422 6603 geſtern Abend nach Verſailles abgereiſt.
1375 6574 3147 6679 Weimar, 29. Dezember. Die neueſten Nummern 27 und
1232 6637 3147 6754 28 des Regierungsblattes bringen ein proviſoriſches Geſetz, be⸗
1225 6707 3135 6817 treffend einen Nachtrag zu dem revidirten Geſetze über die
3424 1163 5335 1295 Steuerverfaſſung des Großherzogthums vom 18. März 1869,
3420 1231 5319 1347 durch welches die Beſtimmungen des letzteren mit dem vom
3421 1298 5314 1423 1. Januar 1871 an in Kraft tretenden Bundesgeſetze wegen
3416 1364 5315 1484 Beſeitigung der Doppelbeſteuerung vom 13. Mai d. J. in die
3412 1433 5311 1551 nothwendige Uebereinſtimmung gebracht werden, ingleichen die
3411 1498 5316 1620 Bekanntmachung des ebenfalls mit dem 1. Januar k. J. in
3409 1564 5303 1689 Kraft tretenden Bahnpolizei⸗Reglements für die Eiſenbahnen
3405 1631 5303 1749 im Norddeutſchen Bunde, neben welchen die in Abſchnitt VI.
3402 1696 5310 1814 der dermaligen Reglements für die thüringiſche und die Werra⸗
3402 1765 5297 1882 bahn rückſichtlich der Aufſicht über die Bahnpolizei enthaltenen
3398 1830 4772 1932 Vorſchriften auch fernerhin fortbeſtehen ſollen.
3538 1901 5298 2014 Anhalt. Deſſau, 28. Dezember. Die »Geſetz⸗Samm⸗
3392 1963 5290 2083 lung für das Herzogthum Anhalt« veröffentlicht den Haupt⸗
3392 2029 5286 2144 Finanz⸗Etat des Herzogthums Anhalt für das Jahr 1871.
3378 2094 5284 2216 Derſelbe ſchließt in Einnahme und Ausgabe mit 2,213,979
3384 2160 3595 2223 Thaler.
3519 2234 5282 2341 Württemberg. Stuttgart, 31. Dezember. Mit Rück⸗
3380 2295 5278 2418 ſicht auf das Bedürfniß einer außerordentlichen Ergänzung des
3379 2362 5275 2479 Heeres werden mittelſt Königlicher Verordnung gemäß dem
3380 2429 5274 2554 Art. 19 des Kriegsdienſtgeſetzes vom 12. März 1868 diejenigen
3375 2495 5283 2619 Kriegsdienſtpflichtigen, welche nach dieſem Geſetze zur Erſatz⸗
3374 2563 5271 2690 reſerve der Altersklaſſe 1870 zu verweiſen ſind, zum Dienſte auf⸗
3371 2632 3599 2698 gerufen.
3504 2700 5265 2817 Bayern. München, 29. Dezember. (Korr. Hoffm.)
3367 2763 5273 2883 Der König hat ſich geſtern nach Schloß Hohenſchwangau
3364 2827 3598 2897 begeben.
3488 2903 5257 3018 — Das Protokoll über die vorgeſtern abgehaltene Sitzung
3362 2960 5257 3083 des I., IⅠ und III. Ausſchuſſes der Kammer der Reichsräthe
3357 3026 4956 3134 in Betreff der deutſchen Verfaſſungs⸗Verträge lautet:
3472 3096 5257 3204 »Der Herr Referent, Reichs⸗Rath von Neumayr, trug das We⸗
3352 3151 5253 3264 ſentliche des in deren gedrucktem Referate Enthaltenen mündlich vor
3352 3215 5250 3323 und gelangten zu dem Antrage: daß der vereinigte Ausſchuß der hohen
3350 3270 5250 3380 Kammer der Reichsräthe empfehlen möge: »»die Zuſtimmung zum Voll⸗
3349 3334 5246 3444 zuge der von der Königlichen Staatsregierung vorgelegten Verträge
3348 3391 5242 3500 über die deutſche Bundesverfaſſung zu erklären.«« Se. Königliche
3344 3450 5241 3561 Hoheit Prinz Ludwig gaben einen kurzen hiſtoriſchen Rückblick auf
3346 3511 5241 3616 den früheren deutſchen Bund und die Verſuche, dieſen zu verbeſſern und
3339 3579 5235 3670 zu erneuern, auf die Ereigniſſe des Jahres 1866, das Zerfallen des alten
3343 3628 5235 3734 deutſchen Bundes, die Gründung des Nordbundes, die Entſtehung des
3334 3688 5250 3793 Krieges von 1870, auf Bayerns bundestreue Mitwirkung an der Seite
3335 3745 5235 3852 Preußens, beleuchteten ſodann die zur Genehmigung vorgelegten Ver⸗
3330 3806 5230 3915 träge beſonders das darin für Preußen ſtipulirte Ueberwiegen ſeines
3329 3862 5231 3969 Einfluſſes, gelangten aber dennoch zur Empfehlung der Annahme der
3327 3925 5219 4029 Verträge, wegen der unverkennbaren dringenden Nothwendigkeit und
3326 3981 5224 4091 im Hinblick auf einige dadurch erzielt werdenden Vortheile, wohin
3326 4040 5229 4151 Se. Königliche Hoheit das Aufhören des inneren Parteihaders, die
3326 4098 5221 4208 Sicherung der Fortdauer des Zollvereins, die Sicherung unſerer
3327 4159 5227 4272 Grenzen gegen Nachbarvölker und die Erreichung eines beſſeren
3317 4215 5216 4326 Verſtändniſſes mit Oeſterreich zählten. Se. Königliche Hoheit richteten
3318 4276 5226 4385 ſodann aus Anlaß der in Folge des Eintritts Bayerns in den neuen
3313 4334 5217 4448 Bund zweifellos ſich ergebenden Steuererhöhung den Wunſch der Vorlage
3313 4393 5224 4514 einer Steuerreform an die anweſenden Herren Vertreter der König⸗
3306 4454 5211 4566 lichen Staatsregierung. Se. Königliche Hoheit Herzog Carl Theodor
3302 4511 5215 4623 in Bayern legten Höchſtderen Anſicht als übereinſtimmend mit den
3300 4571 5201 4685 Anſchauungen des Herrn Referenten dar und gaben den Verträgen ihre
3296 4631 5207 4742 Zuſtimmung mit dem Beifügen, daß Höchſtdieſelben ſchon früher auf die
3297 4693 5191 4807 dringende Nothwendigkeit einer Einigung der deutſchen Staaten auch
3295 4748 5206 4856 im Intereſſe Bayerns hingewieſen haben Se. Excellenz der Herr Staats⸗
3292 4810 5196 4915 miniſter Graf Bray dankten zunächſt dem Herrn Referenten für die ob⸗
3286 4867 5196 4980 jektive Behandlung der Sache in ſeinem Referate, beleuchteten ſodann die
3292 4927 5199 5044 Stellung der Staatsregierung bei den Verhandlungen und deren Beſtreben,
3291 4987 5187 5101 das Möglichſte in föderativer Richtung, ſowie zur Vereinbarung der
3285 5045 5184 5162 Intereſſen Bayerns mit den für die Einigung unentbehrlichen Opfern,
3285 5110 5176 5212 — gegenüber der Lage Bayerns im Innern und namentlich dem
3287 5163 5183 5284 Nachbarlande Oeſterreich gegenüber zu erreichen. Se. Excellenz
3282 5225 5171 5340 äußerten ſich ſodann in Bezug auf den von Sr. Königlichen
3277 5283 5180 5393 Hoheit dem Prinzen Ludwig dargelegten Wunſch einer Steuer⸗
3277 5345 5173 5456 reform. Se. Excellenz der Herr Staats⸗Miniſter der Juſtiz und
3276 5403 5179 5514 des Kultus, Herr von Lutz, beleuchteten das in dem Referate hervor⸗
3275 5466 5173 5573 gehobene Bedenken: daß durch die Verträge die Summe der von den
3263 5522 5166 5640 Einzelnregierungen aufgegebenen Rechte zum größten Theile nicht auf
3270 5582 5160 5705 das Geſammtorgan des Bundes, ſondern auf die Krone Preußen
3271 5641 5164 5759 übertragen werden, und bemerkten, daß dieſem Bedenken eine ſehr
3265 5700 5155 5809 fühlbare Stimmung in Preußen gegenüberſtehe, welche ſich über die
3262 5760 5154 5872 Entziehung ſolcher Rechte zum Nachtheil der Krone Preußen be⸗
3255 5820 5152 5929 klage; zugleich beſprachen Seine Excellenz noch einige andere
3255 5879 5149 5996 Bedenken des Referats und ſuchten dieſelben theils zu widerlegen,
3256 5940 5149 6055 theils zu mildern. Seine Excellenz hoben beſonders hervor,
3253 5998 5155 6110 daß in föderativer Beziehung der Bund durch die geänderte
3248 6055 5142 6176 Organiſation des Bundesrathes und durch die bedeutende Vergrößerung
3248 6117 5143 6228 des Bundes ſelbſt ſehr weſentlich gewonnen habe, ſowie durch den
3249 6175 5138 6286 diplomatiſchen Ausſchuß und das Stimmverhältniß bezüglich etwa
3250 6233 5134 6354 beabſichtigt werdender Verfaſſungsveränderungen. Herr Reichsrath
3243 6292 5134 6410 Baron zu Frankenſtein ſprach zunächſt ſein Bedauern darüber aus,
3240 6350 5131 6467 daß die Kammer der Reichsräthe die Berathung der Verträge vor
3237 6410 5139 6526 der Kammer der Abgeordneten vornähme, da doch dieſer die Initia⸗
3238 6469 5128 6590 tive wegen der durch die Verträge berührten finanziellen Geſichtspunkte
3231 6527 5125 6648 zugekommen wäre, traten rückſichtlich der Bedenken gegen die Annahme
3230 6586 5121 6712 der Verträge den Aeußerungen des Herrn Referenten bei, fanden aber,
3232 6644 5128 6768 daß dieſe Bedenken durch entgegenſtehende Geſichtspunkte nicht gehoben
3229 6702 5117 6830 würden, namentlich fanden ſie nicht, daß eine bedenkliche Iſolirung
3223 6759 5125 6884 Bayerns zur Annahme der Verträge zwinge und kamen zu dem
7852 1158 7940 1242 5
5951 1243 7851 1329 Schluſſe, ſich gegen deren Annahme ausſprechen zu müſſen. Seine
5949 1304 7839 1390 Excellenz der Herr Staats⸗Miniſter v. Lutz erörterten einige der von
5950 1363 7836 1448 dem Herrn Vorredner hervorgehobenen Einwendungen gegen die Ver⸗
5943 1421 7840 1506 träge, ſo insbeſondere die aus der ſtipulirten Bundesexekution und die
5940 1481 7829 1565 aus den Beſtimmungen über die Kriegserklärung geſchöpften Ein⸗
5944 1543 7841 1626 wendungen und ſuchten ſie zu widerlegen. Herr Reichsrath v. Niet⸗
5940 1601 7832 1684 hammer hoben hervor, daß in der Wehrverfaſſung des alten deut⸗
5930 1659 7826 1749 ſchen Bundes Bayern ebenſo große Laſten aufgelegt geweſen
5932 1721 7828 1807 ſeien, als in dem neuen deutſchen Bundesvertrag, mit
5941 1778 7824 1867 einziger Ausnahme der neuen Beſtimmung, daß für jeden
5929 1837 7816 1925 Mann der Präſenzſtärke 225 Thaler ſofort in das Budget eingeſtellt
5930 1898 7814 1982 werden müſſen. Herr Reichsrath Baron zu Frankenſtein beſtritten
5924 1956 7819 2047 dieſe Annahme des Herrn von Niethammer. Se. Excellenz der Herr
5925 2016 7814 2104 Kriegs⸗Miniſter Freiherr von Pranckh ſuchten darzuthun, daß die
5925 2074 7811 2171 künftigen Kriegslaſten durch die Bundesbeſtimmungen nicht ſo exor⸗
5928 2134 7812 2226 bitant ſein würden, als man ſo allgemein fürchte, auch habe Bayern,
5927 2197 7813 2283 wenn man einmal einem neuen Bunde habe beitreten wollen, nicht
5916 2252 7801 2340 hoffen können, in dieſer Beziehung etwas Beſonderes gegenüber den
5910 2312 7801 2404 übrigen Paziecenten für ſich erreichen zu können Se. Excellenz
5909 2372 7801 2461 der Herr Präſident der Reichsrathskammer Freiherr von Stauf⸗
5904 2430 7801 2517 fenberg führten an, daß ſie ſelbſt ganz mit dem Herrn Referenten
5918 2490 7801 2580 einverſtanden ſeien und ſich verpflichtet fühlten, dem vereinigten
5907 2550 7800 2631 Ausſchuſſe zur Kenntniß zu bringen, daß auch der leider erkrankte
5903 2608 7798 2697 II. Präſident Herr Reichsrath Freiherr von Thüngen ſich da⸗
5903 2668 7798 2760 hin ausgeſprochen habe, daß er keinen anderen Ausweg finde,
5901 2726 7796 2814 als die Beiſtimmung zu den Verträgen. Herr Reichsrath Bi⸗
5902 2786 7794 2876 ſchof von Dinkel bemerkten, daß ſie zwar ungerne, aber im Hinblicke
5896 2849 7792 2933 au die von dem Herren Referenten hervorgehobenen Gründe, insbe⸗
5898 2906 7791 2995 ſondere auf die unverkennbare Nothlage, gleichfalls ſich genöthigt
5894 2965 7788 3052 ſehen, für die Annahme der Verträge ſich auszuſprechen. Herr Refe⸗
5895 3026 7786 3113 rent Reichsrath von Neumayr wiederholten das Weſentliche der gepflo⸗
5893 3087 7785 3168 genen Berathungen, beleuchteten die da und dort gegen das Referat
5887 3148 7782 3234 gemachten Einwendungen, ſuchten dieſelben zu widerlegen und gelang⸗
5884 3205 7778 3290 ten zuletzt zur Wiederholung des am Schluſſe ihres gedruckten Referates
5882 3266 7779 3349 enthaltenen Antrages: auf Empfehlung der Annahme der Verträge. Bei
5892 3324 7781 3405 der ſodann vorgenommenen Abſtimmung ergab ſich, daß ſämmtliche
5885 3380 7781 3467 höchſte und hohe Herren Mitglieder des Ausſchuſſes für das Referat
5879 3445 7782 3523 ſtimmten und nur Herr Reichsrath Freiherr zu Franckenſtein ſeine
5878 3494 7781 3589 Stimme gegen daſſelbe und für Ablehnung der Verträge gab.« (Fol⸗
5894 3562 6507 3622 gen die Unterſchriften.)
6004 3621 7773 3706 — 1. Januar. (W. T. B.) Der König hat an den
5873 3685 7775 3779 Reichsraths⸗Präſidenten Freiherrn von Stauffenberg in Folge
5874 3753 7774 3844 der Anzeige über das Reſultat der Abſtimmung im Reichs⸗
5872 3820 7772 3902 rathe, betreffend die Verſailler Verträge, eine dankende Antwort
5869 3887 7770 3978 gerichtet, in welcher er ſeine Freude und ſeine Befriedigung über
5870 3953 6709 4024 dieſe Mittheilung ausdrückt.
6017 4020 7765 4102 Oeſterreich⸗Ungarn. Wien, 31. Dezember. Das
5868 4085 7766 4178 heut ausgegebene »Reichsgeſetzblatt« enthält die Verordnung des
5870 4151 7767 4242 Juſtiz⸗Miniſteriums vom 20. Dezember 1870, betreffend die
5864 4217 7763 4309 Exekution der civilgerichtlichen Urtheile der Königlich bayeriſchen
5867 4284 7770 4371 Gerichte und der im Königreiche Bayern aufgenommenen Ur⸗
5865 4351 7761 4436 kunden; ferner die Verordnung des Finanz⸗Miniſteriums vom
5862 4417 7760 4510 22. Dezember 1870 über die Kontrolepflichtigkeit des Kaffees
5856 4482 7755 4574 im Grenzbezirke des Landes Vorarlberg und im Fürſtenthume
5853 4546 6220 4620 Liechtenſtein.
5988 4619 7754 4712 — Die Großfürſtin Maria von Rußland, welche einige
5850 4676 7750 4781 Tage in Wien verweilte, iſt vorgeſtern von hier nach Italien
5857 4751 6135 4816 abgereiſt.
5910 4818 7750 4912 — 1. Januar. (W. T. B.) Die morgen erſcheinende »Montags⸗
5847 4880 7751 4973 Revue« meldet: Dem Vernehmen nach wird der Zuſammentritt der
5849 4947 7746 5034 Pontus⸗Konferenz noch um einige Tage verſchoben werden
5846 5015 7747 5101 müſſen, weil es bei der Schwierigkeit der Kommunikationen
5842 5082 7747 5179 mit der franzöſiſchen Regierung nicht möglich geweſen iſt,
5836 5145 7742 5245 Herrn Favre rechtzeitig davon zu verſtändigen, daß ihm
5846 5213 7264 5299 deutſcherſeits freies Geleit bewilligt worden ſei.
5969 5326 7591 5420 Aus dem Wolff'ſchen Telegraphen⸗Bureau.
5981 5403 7741 5500 Brüſſel, Montag, 2. Januar. Der hier aus Bordeaux
5842 5465 7741 5564 eingetroffene »Moniteur« vom 27. Dezember veröffentlicht
5833 5531 7738 5630 ein Dekret der Regierung, wodurch die Beſtimmungen des
5836 5594 7738 5691 früheren Dekretes bezüglich der Auflöſung der General⸗
5829 5660 7735 5761 räthe modifizirt werden. Es ſollen nunmehr nicht die
5830 5726 7731 5832 Präfekten die Mitglieder der Departemental⸗Kommiſſionen
5835 5803 7730 5897 ernennen, ſondern es wird dies die Regierung ſelbſt nach den
5830 5860 7727 5966 Vorſchlägen der Präfekten thun. Die »Patrie« vom 29. De⸗
5836 5929 7744 6032 zember bemerkt hierzu, dieſe zweite Auflage des Dekretes ſei
5831 5998 7723 6094 nicht minder ſchlecht, wie die erſte. — Der »France« vom
5832 6062 7722 6160 29. Dezember zufolge hat die Regierung eine Broſchüre über
5822 6131 7474 6229 den Frieden noch vor ihrer Veröffentlichung konfiszirt.
5940 6200 7720 6300 Brüſſel, Montag, 2. Januar. Die »Indépendance« erfährt
5816 6266 7716 6364 aus Lille vom 31. Dezember, daß die preußiſchen Truppen den
5820 6332 7717 6436 Demonſtrationen gegen Lille und Cambrai weiter keine Folge
5804 6402 7709 6501 gegeben haben; ihre Plänkler werden in allen Richtungen ge⸗
5807 6463 7710 6565 ſehen. Die Nordbahngeſellſchaft hat alle Stationsgebäude ſüdlich
5817 6535 7710 6624 von Lille räumen laſſen. — Das Hauptquartier des General
5807 6596 7709 6699 Faidherbe hat Vitry verlaſſen; es iſt nicht bekannt, wo⸗
5810 6665 7706 6760 hin ſich derſelbe neuerdings gewendet hat; man erwartet in
5809 6733 7705 6831 nächſter Zeit einen neuen Zuſammenſtoß. — Gerüchtweiſe ver⸗
5805 6798 7704 6890 lautet, daß Abbeville kapitulirt habe. — Eine Ordre des Gene⸗
5799 6867 7702 6965 ralkommiſſars der Regierung verfügt, daß jeder Verſuch einer
7936 1279 9826 1381 Deſertion oder Flucht mit Deportation nach dem Lager von
7931 1347 9822 1449 Cherbourg beſtraft werden ſoll. 300 Mann mobiliſirte National⸗
7927 1417 9758 1507 garde aus Hazebrouk ſind wegen Meuterei deportirt worden.
8061 1482 9821 1588 London, Montag, 2. Januar. Nach einer Mittheilung
7920 1544 9813 1654 des auswärtigen Amtes iſt der Zuſammentritt der Konferenz
7920 1615 9811 1720 um wenige Tage verſchoben, um das Eintreffen Jules Favre's,
7919 1679 9817 1782 ſowie die Inſtruktion für mehrere andere Bevollmächtigte ab⸗
7914 1751 9808 1842 zuwarten. — Einem Telegramm des engliſchen Geſandten in
7914 1813 9798 1915 Peking vom 16. v. M. zufolge herrſcht vollſtändige Ruhe in
7912 1880 8760 1962 den chineſiſchen Hafenplätzen.
7980 1972 9728 2075 Fortſetzung des Nichtamtlichen in der Beilage.
7979 2144 9735 2242 Ueberſicht der Haupt⸗Eiſenbahn⸗Verbindungen Berlins
8306 2225 9369 2301 durch Courier⸗ und Schnellzüge.
7896 2290 9788 2384 (Erſcheint auf Grund der neueſten amtlichen Angaben am 1. jedes
8349 2358 9337 2428 Monats.) Berlin, 1. Januar 1871.
8161 6916 9366 6998 † Schnellzüge. * Courierzüge. ** Eilzüge.
7890 2465 8242 2528 Abgang nach
7890 2584 8178 2644 Ankunft in
7888 2715 8243 2778 Abgang nach
7886 2775 8183 2840 Ankunft in
7883 2849 8236 2914 Abgang nach
7882 2908 8166 2974 Ankunft in
7879 2982 8236 3050 Abgang nach
7877 3041 8164 3094 Ankunft in
7875 3107 8222 3180 Abgang nach
7872 3234 8160 3293 Ankunft in
7869 3365 8221 3428 Abgang nach
7869 3482 8158 3544 Ankunft in
7865 3616 8211 3679 Abgang nach
7864 3676 8151 3736 Ankunft in
7863 3749 8209 3813 Abgang nach
7861 3809 8148 3862 Ankunft in
7854 3881 8211 3952 Abgang nach
7849 3943 8150 4005 Ankunft in
7850 4015 8211 4086 Abgang nach
7847 4074 8150 4140 Ankunft in
7854 4156 8202 4223 Abgang nach
7851 4274 8139 4335 Ankunft in
7849 4407 8198 4473 Abgang nach
7848 4467 8147 4520 Ankunft in
7840 4540 8206 4603 Abgang nach
7843 4600 8140 4660 Ankunft in
7843 4668 8204 4740 Abgang nach
7841 4732 8137 4798 Ankunft in
7840 4809 8198 4874 Abgang nach
7838 4869 8143 4928 Ankunft in
7826 4943 8192 5008 Abgang nach
7837 5001 8132 5053 Ankunft in
7835 5076 8185 5139 Abgang nach
7832 5195 8125 5252 Ankunft in
7824 5329 8187 5390 Abgang nach
7829 5386 8120 5451 Ankunft in
7825 5458 8183 5527 Abgang nach
7823 5519 8114 5579 Ankunft in
7823 5593 8180 5658 Abgang nach
7822 5653 8123 5713 Ankunft in
7821 5728 8178 5793 Abgang nach
7820 5787 8124 5849 Ankunft in
7816 5859 8179 5923 Abgang nach
7816 5919 8123 5980 Ankunft in
7816 5994 8168 6059 Abgang nach
7815 6054 8108 6107 Ankunft in
7811 6128 8164 6192 Abgang nach
7809 6241 8100 6308 Ankunft in
7796 6377 8159 6448 Abgang nach
7800 6437 8102 6507 Ankunft in
7798 6510 8156 6581 Abgang nach
7796 6631 8089 6704 Ankunft in
7794 6754 8147 6827 Abgang nach
7792 6823 8086 6878 Ankunft in
8588 2504 8959 2567 Amſterdam.
8463 2562 9047 2628 über Oberhauſen oder
8606 2625 8910 2688 Salzbergen.
8666 2724 8870 2788 Baſel.
8403 2783 9125 2847 über Eiſenach reſp. Kreienſen.
8612 2887 8909 2958 Bremen.
8592 3019 8899 3086 Breslau.
8616 3183 8876 3245 Brüſſel.
8418 3241 9086 3310 über Cöln oder Ruhrort.
8664 3404 8840 3458 Cöln.
8473 3463 9018 3525 über Hannover oder
8614 3527 8874 3586 Kreienſen.
8609 3650 8885 3726 Danzig.
8586 3787 8900 3862 Dresden.
8452 3891 9011 3958 Frankfurt a. M.
8376 3948 9109 4021 über Eiſenach reſp. Kreienſen.
8632 4027 8819 4093 Genf.
8369 4081 9089 4156 über Kreienſen reſp. Eiſenach.
8636 4192 8827 4259 Haag.
8425 4250 9011 4314 über Oberhauſen oder
8567 4312 8874 4376 Salzbergen.
8555 4433 8913 4513 Hamburg.
8635 4574 8823 4639 Kiel.
8426 4711 9007 4779 Königsberg i. Pr.
8519 4818 8919 4883 Kopenhagen.
8492 4878 8939 4940 über Fridericia.
8575 4974 8848 5053 Leipzig.
8588 5139 8840 5196 London.
8531 5204 8888 5264 über Oſtende.
8598 5335 8822 5390 Lübeck.
8347 5391 9064 5466 direkt oder über Hamburg.
8542 5494 8883 5568 München.
8602 5631 8809 5703 Prag.
8429 5760 8963 5843 St. Petersburg.
8565 5897 8837 5971 Stettin.
8524 5999 8876 6072 Stockholm.
8459 6064 8946 6129 über Kopenhagen.
8588 6197 8800 6262 Trieſt.
8321 6254 9054 6319 über Breslau oder Dresden.
8502 6416 8868 6494 Warſchau.
8580 6581 8780 6636 Wien.
8316 6639 9035 6707 über Breslau oder Dresden.
8568 6772 8796 6842 Zürich.
8314 6827 9051 6902 über Kreienſen reſp. Eiſenach.
9152 2485 9430 2548 8.45 fr. †
9154 2543 9441 2601 7.45 Ab. *
9155 2600 9444 2673 12 Mitt. †
9152 2661 9396 2722 2. 5 N. *
9148 2732 9423 2803 8.45 fr. †
9150 2797 9419 2864 8.20 fr. †
9150 2874 9413 2937 8.45 fr. †
9144 2929 9444 2998 6. 4 Ab. †
9140 3005 9431 3065 8.40 fr. **
9140 3062 9456 3121 4.23 Nm. **
9140 3139 9405 3203 8.45 fr. †
9143 3256 9390 3321 5 U. fr. †
9136 3387 9401 3458 8.45 fr. †
9132 3500 9418 3580 9 U. Ab. †
9128 3629 9332 3699 9 V. **
9126 3698 9442 3758 10.10 A. **
9128 3773 9426 3843 7.45 Ab. †
9132 3827 9407 3899 12.20 fr. †
9118 3904 9412 3963 8.30 Ab. *
9123 3962 9402 4025 8.27 fr. *
9121 4040 9409 4107 8.45 fr. †
9117 4099 9405 4166 9.45 N. †
9115 4176 9381 4239 8.45 fr. †
9117 4234 9403 4294 7.45 Ab. *
9117 4289 9426 4361 12.10 N. †
9119 4349 9417 4413 2.30 Nm. *
9118 4426 9417 4494 2.15 N. †
9117 4485 9414 4554 8.30 A. †
9122 4562 9421 4615 11 U. Ab. *
9111 4616 9394 4675 9.26 V. *
9105 4693 9303 4751 9 V. **
9113 4753 9373 4813 1.5 fr. **
9107 4829 9414 4883 11 U. Ab. *
9105 4888 9409 4942 10.30 Ab. *
9095 4962 9388 5022 8.30 Ab. *
9099 5014 9314 5077 12 Ab. *
9092 5093 9362 5160 8.45 fr. †
9097 5151 9413 5217 10.15 Ab. *
9094 5208 9361 5279 5.40 N. †
9090 5268 9350 5333 3.55 fr. *
9096 5346 9405 5414 2.15. N. †
9092 5404 9408 5471 9.30 A. †
9097 5480 9389 5542 8.30 A. *
9098 5542 9405 5596 9.10 Ab. *
9092 5615 9385 5681 7.45 Ab. †
9090 5676 9342 5740 5.49 fr. †
9090 5747 9282 5805 9 V. **
9088 5808 9293 5863 8 V. **
9087 5883 9332 5939 8.45 fr. *
9090 5942 9363 5997 11.26 V. *
9091 6018 9326 6071 11 Ab. *
9087 6077 9359 6132 5.52 N. *
9076 6146 9391 6211 8.40 fr. **
9079 6206 9389 6270 11. 5 Ab. †
9074 6265 9389 6330 9.39 A. **
9074 6324 9378 6396 8.15 Ab. †
9076 6404 9308 6457 11 Ab. *
9073 6461 9323 6516 3 U. N. *
9068 6534 9349 6596 8.40 fr. **
9070 6594 9311 6656 11.5 A. †
9064 6650 9337 6716 5.23 fr. **
9064 6715 9369 6778 5.23 Nm. †
9065 6789 9346 6853 8.45 fr. †
9066 6847 9365 6912 2.3 Nm. †
9471 2743 9797 2806 8.30 Ab. *
9484 2805 9764 2861 6.55 Ab. *
9477 2879 9751 2934 7.45 Ab. *
9478 2939 9718 2999 6.30 fr. *
9476 3010 9796 3080 11. 5 Ab. †
9473 3071 9762 3132 6.33 fr. †
9473 3145 9759 3205 7.45 Ab. *
9472 3203 9785 3265 10.15 Ab. *
9472 3260 9723 3324 2.51 N. *
9469 3319 9749 3380 5. 7 Nm. *
9470 3397 9786 3459 7.45 Ab. *
9471 3452 9781 3519 10.15 Ab. *
9471 3512 9729 3578 8.20 fr. *
9468 3573 9732 3634 9.30 V. *
9465 3646 9653 3707 11 A. *,
9463 3704 9726 3770 9.32 V. *
9465 3901 9749 3986 8.45. fr. †
9464 3975 9656 4038 9 Ab. †
9455 4050 9744 4103 8.30 Ab. *
9455 4107 9759 4164 2.19 Nm. *
9452 4352 9739 4425 12.10 N. *
9448 4437 9755 4495 11 U. Ab. *
9443 4494 9681 4555 5 U. fr. *
9440 4702 9632 4760 11 A. *
9440 4760 9752 4828 11.44 V. *
9432 5356 9738 5413 11 U. Ab. *
9423 5408 9736 5472 8.30 Vm. *
9430 5758 9628 5812 11 A. *
9418 5815 9687 5875 5.30 N. *
9409 6208 9724 6291 7.45 Ab. †
9407 6326 9719 6407 8.15 Ab. †
9402 6600 9691 6667 7.45 Ab. †
9399 6719 9703 6783 3.15 Nm. †
9400 6793 9687 6850 8.30 Ab. *
9404 6853 9710 6906 10.40 Ab. *
9486 2666 9776 2729 12 Mitt. *
