10152 6976
1176 405 1560 472 Theater.
948 488 1887 556 Königliche Schauspiele. Sonntag:
838 554 1887 599 Opernhaus. 191. Vorſtellung. Ekkehard. Oper
840 600 1885 648 in 5 Akten. Nach V. von Scheffels gleichnamigem
841 643 1885 691 Roman frei bearbeitet. Muſik von J. J. Abert.
834 689 1882 739 (Fr. v. Voggenhuber, Frl. Lehmann, Frl. Brandt,
821 734 1881 785 Hr. Betz, Hr. Fricke, Hr. W. Müller.) Anfang
831 781 990 824 7 Uhr.
889 823 1880 873 Schauſpielhaus. 189. Vorſtellung. Die Räuber.
839 869 1879 919 Trauerſpiel in 5 Abtheilungen von Schiller. An⸗
840 917 1193 964 fang halb 7 Uhr.
886 960 1876 1008 Montag: Opernhaus. 192. Vorſtellung. Sata⸗
840 1005 1876 1058 nella. Phantaſtiſches Ballet in 3 Akten und
841 1050 1878 1099 4 Bildern von Paul Taglioni. Muſik von Pugni
842 1097 1483 1146 und P. Hertel. Anfang 7 Uhr.
894 1138 1878 1189 Schauſpielhaus. 190. Vorſtellung. Die be⸗
844 1186 1877 1238 zähmte Widerſpenſtige. Luſtſpiel in 4 Akten
845 1232 1876 1278 von Shakeſpeare, nach der Bearbeitung von Dein⸗
845 1276 1878 1324 hardſtein, mit Benutzung der Schlegel⸗Tieckſchen
842 1322 1878 1371 Ueberſetzung. Zum Schluß: Der Beſuch im Car⸗
842 1367 1877 1415 cer. Humoreske in 1 Aufzug von Ernſt Eckſtein.
841 1413 1140 1459 Anfang 7 Uhr.
888 1452 1886 1504 Dienſtag: Opernhaus. 193. Vorſtellung. Aida.
838 1503 1876 1549 Oper in 4 Akten von Verdi. Text von Antonio
837 1545 1877 1594 Ghislanzoni, für die deutſche Bühne bearbeitet von
835 1593 1876 1640 Julius Schanz. Ballet von Paul Taglioni. (Frl.
836 1639 1874 1686 Brandt, Fr. Mallinger, Hr. Niemann, Hr. Betz.)
834 1685 1141 1731 Anfang 7 Uhr.
883 1729 1877 1775 Schauſpielhaus. 191. Vorſtellung. Durchs Ohr.
834 1774 1876 1820 Luſtſpiel in 3 Akten von Wilhelm Jordan.
831 1819 1870 1865 Hierauf: Der Vetter. Luſtſpiel in 3 Aufzügen von
818 1864 1457 1912 Benedix. Anfang halb 7 Uhr.
870 1969 1876 2026 Wallner-Theater. Letzte Sonntagsvorſtellung
832 2035 1876 2081 von: Ihre Familie. Volksſtück mit Geſang in
832 2080 1691 2127 3 Akten von J. Stinde und G. Engels.
870 2184 1872 2237 Victoria-Theater. Direktion: Emil Hahn.
832 2250 1459 2296 Sonntag: Z. 30. M.: Uarda.
879 2295 1501 2341 Montag: Dieſelbe Vorſtellung.
892 2374 1869 2426 Friedrich-Wilhelmstädtisches Theater.
833 2441 1496 2488 Sonntag: Prinz Methuſalem.
883 2486 1432 2533 Montag: Ein Blitzmädel.
886 2590 1867 2644 Residenz-Theater. Sonntag: Z. 13. M.:
835 2655 1867 2708 Die arme Löwin. (Les lionnes pauvres.)
832 2700 1869 2746 Schauſpiel in 5 Aufzügen von Emile Augier, überſetzt
822 2745 1868 2793 und für das Reſidenz⸗Theater bearbeitet von Paul
818 2789 971 2833 Lindau.
875 2836 1502 2882 Montag: Dieſelbe Vorſtellung.
862 2929 1867 2984 Krolls Theater. Sonntag: 20. italieniſche
826 2994 1866 3037 Opernvorſtellung. Zum 5. M.: Die Macht des
821 3035 1859 3083 Schickſals (La Forza del Destino). Opera i 4 atti
827 3086 1865 3130 di F. M. Piave. Musica di G. Verdi. (Leonora:
827 3130 1864 3175 Sigra. Emma Saurel. Alvaro: Sigr. de Sanctis.
826 3160 1864 3220 Carlo: Sigr. Sweet. Preziosilla: Sigra. Fiorio.
825 3221 1871 3266 Guardiano: Sigr. Povoleri. Melitone: Sigr. Pa-
824 3266 1863 3312 pini.) Vor der Vorſtellung: Großes Konzert. An⸗
824 3312 1426 3357 fang 5 Uhr, der Oper 7 Uhr.
871 3357 1864 3404 Montag: 21. italieniſche Opernvorſtellung.
826 3403 1003 3441 Lucia.
860 3493 1866 3549 Woltersdorff-Theater. Sonntag: Z. 6. M.:
829 3558 1864 3605 Groß' Feuer. Original⸗Volksſtück mit Geſang und
827 3604 1862 3655 Tanz in 4 Akten von Görlitz. Muſik von Steffens.
828 3649 1861 3696 Einlagen des IV. Aktes: Kornblumenlied, komp.
822 3694 1862 3741 von Steffens; Mailied, komp. von Meyerbeer; geſ. von
809 3736 1861 3786 Frl. Theodora Müller. Vom Rhein der Wein,
815 3785 1863 3832 Quartett, komp. vom Chordirektor H. Brandt; vor⸗
817 3831 1861 3876 getr. vom Doppel⸗Quartett des Woltersdorff⸗
818 3871 1862 3922 Theaters. Vorher: Die Zillerthaler. Liederſpiel
820 3920 1724 3966 in 1 Akt nebſt Muſik von J. J. Nesmüller.
873 3965 1389 4013 Montag: Groß' Feuer.
859 4057 1860 4114 Stadt-Theater. Sonntag: Gaſtſpiel des
819 4121 1860 4174 Hrn. Emil Schneider und des Frl. Thea Beeg
824 4167 1859 4218 vom Stadt⸗Theater zu Frankfurt a. M. Z. 8. M.:
803 4208 1859 4264 Flatterſucht. Luſtſpiel in 3 Akten von Sardou.
802 4258 1859 4308 (Camille: Frl. Thea Beeg. Hr. v. Champignac:
805 4302 1858 4352 Hr. Emil Schneider.) Vorher: Die Schwäbin.
802 4349 1856 4400 Luſtſpiel in 1 Akt von Caſtelli. (Julie: Frl.
818 4380 1859 4449 Klinkhammer. Steidele: Hr. Robert Guthery.)
816 4434 1420 4490 Parquet 2 ℳ 50 ₰ u. ſ. w.
864 4482 1486 4537 Montag: Dieſelbe Vorſtellung.
855 4586 1857 4647 National-Theater. (Weinbergs⸗Weg 6/7.)
817 4652 1856 4708 Sonntag: Z. 1. M.: Die Roſe von Avignon.
818 4697 1854 4748 Schauſpiel in 4 Akten von Charlotte Birch⸗Pfeiffer.
863 4743 1486 4791 Montag: Dieſelbe Vorſtellung.
890 4861 1856 4929 Ostend-Theater. (Gr. Frankfurterſtr. 130.)
815 4934 1851 4980 Sonntag: Z. 1. M.: Queckſilber. Novität.
814 4979 1635 5027 Schwank in 4 Akten von Leon Treptow.
860 5025 1324 5070 Montag: Queckſilber.
862 5150 1859 5208 Belle-Alliance-Theater. Sonntag: Zum
816 5214 1853 5265 2. Male: Der Wohlthätigkeitsball. Luſtſpiel
817 5258 1852 5309 in 5 Akten von Georg Horn und L. Ottomeyer.
815 5304 1852 5349 Vor der Vorſtellung Konzert. Anfang deſſelben
809 5348 1438 5396 6 Uhr, Anf. der Vorſt. 7 Uhr.
861 5394 1851 5445 Montag: Z. 3. M.: Der Wohlthätigkeitsball.
812 5439 1306 5484 Anf. der Vorſt. 7 ½ Uhr.
859 5484 1851 5533 Mittwoch: Zu halben Kaſſenpreiſen: Die drei
812 5525 1062 5576 Langhänſe.
860 5574 1848 5625 Vielfach an mich gerichteten Wünſchen des geehr⸗
811 5619 1850 5668 ten Publikums entgegen zu kommen, habe ich den
810 5664 1849 5713 Beginn der Vorſtellungen an Wochentagen von
812 5709 1802 5759 Montag ab auf 7 ½ Uhr angeſetzt. A. Wolf.
858 5823 1849 5880 Germania-Theater. (Vorſtädtiſches.) Di⸗
811 5887 1850 5935 rektion: Julius Aſcher. Sonntag: Zum 23. Male:
808 5932 1081 5979 Im Rauſch.
844 6035 1849 6095 Böttcher's instructive Soirée. Königl.
811 6101 1850 6148 Schauſpielhaus. Saaltheater. Täglich Abends 7 — 9
809 6140 1850 6200 Uhr: 1) Die romantiſche Schweiz in ihren male⸗
811 6189 1846 6240 riſchen Glanzpunkten. Rheinfall. Taminaſchlucht.
808 6233 1844 6283 Via mala. Berninakette und Gletſcher. St. Bern⸗
805 6274 1844 6331 hard; Paß, Hoſpiz. Schneeſturm, Chamounythal.
802 6323 1842 6378 Montblancgipfel, Erſteigung. Mer de glace. P. de Niège;
807 6361 1841 6418 impoſante Waldſchlucht. Kaskaden u. Katarakte des
803 6411 1842 6460 Aarthals. Bergſeen, Gebirgspanoramen v. Grindel⸗
802 6457 1838 6511 wald, Scheideck, Lauterbrunnen, Blümlisalp und
1937 410 2977 466 Grimſel. (Tag, Mondlicht u. Alpenglühen.) Natur⸗
1937 462 2546 506 ereign.: Lawinenſturz u. ſ. w.
1972 503 2973 551 2) Der Mond und ſeine Oberfläche, die wild⸗
1934 550 2975 596 zerklüftete Wüſtennatur, ſeine Ringgebirge, Fels⸗
1935 591 2980 639 ketten u. ſ. w. in Tableaux von bisher uner⸗
1930 638 2543 689 reichter Plaſtik und Treue.
1972 682 2971 732 3) Soirée ſantastique. Farbenmagie.
1933 728 2915 777 Entrée: Fauteuil 20, Parquet 15, 10 u. 5 Sgr.
1978 773 2767 826 Kinder zahlen Wochentags die Hälfte.
1979 819 2928 874 Tages⸗Verkauf: Schauſpielhaus, Südſeite.
1985 915 2969 970 Concert-Haus. Concert des Königlichen Hof⸗
1929 980 2352 1025 Muſikdirektors Bilſe.
2167 1071 2729 1122 Familien⸗Nachrichten.
1927 1139 2968 1187 Verlobt: Frl. Sophie v. Mandelsloh mit Hrn.
1966 1185 2968 1231 Premier⸗Lieutenant und Adjutant Auguſt v. Feſten⸗
1956 1230 2967 1277 berg Pakiſch (Düendorf bei Wunſtorf). — Frl.
1973 1275 2967 1330 Wika v. Eynatten mit Hrn. Regierungs⸗Aſſeſſor
1973 1321 2965 1364 Baron Emil v. Maillot de la Treille (Karls⸗
1971 1366 2290 1412 ruhe — Colmar).
1927 1411 2968 1459 Verehelicht: Hr. Lieutenant und Adjutant Max
1974 1457 2972 1504 Bahrfeldt mit Frl. Ella Samwer (Stade). —
1971 1501 2967 1551 Hr. Kreisrichter Guſtav Büchner mit Frl. Martha
1973 1547 2965 1595 Strach (Rothenburg O./L. — Görlitz). — Hr.
1973 1592 2965 1640 Paſtor Hugo Kaiſer mit Frl. Jeanette v. Temael⸗
1957 1639 2964 1686 hoff (Geritz bei Cöslin). — Hr. Conrector Dr.
1972 1683 2964 1732 G. Molwitz mit Frl. Hedwig Fröhlich (Dresden⸗
1973 1731 2163 1776 Neuſtadt).
1927 1773 2966 1819 Geboren: Ein Sohn: Hrn. Seconde⸗Lieutenant
1974 1818 2965 1868 George v. Lüneburg (Achim). — Hrn. Profeſſor
1973 1863 2964 1911 Ladenburg (Kiel). — Eine Tochter: Hrn.
1974 1909 2822 1958 Gutsbeſitzer C. Weber (Lang⸗Heinersdorf).
1927 1951 2966 2005 Geſtorben: Hr. Advokat Friedrich Koch (Roten⸗
1972 2000 2963 2047 burg). — Hr. Kreisphyſikus Sanitäts⸗Rath Dr.
1969 2045 2963 2092 Joſeph Knop (Leobſchütz). — Frau Geh. Regie⸗
1967 2090 2963 2139 rungs⸗Räthin Biewald, geb. v. Lübtow (Frank⸗
1962 2137 2203 2184 furt a. O.).
1922 2225 2961 2283 Steckbriefe und Unterſuchungs⸗Sachen.
1971 2292 2961 2343 Steckbriefserneuerung. Der gegen den Kauf⸗
1921 2341 2961 2386 manu Bernhard Goldmann wegen betrüglichen
1920 2387 2960 2433 Bankerutts und Betruges in den Akten G. 83 de
1921 2432 2961 2479 1878 unter dem 5. Februar d. Js. erlaſſene
1918 2478 2959 2523 Steckbrief wird hierdurch erneuert. Berlin, den
1919 2523 2958 2574 16. Oktober 1878. Königliches Stadtgericht. Ab⸗
1918 2568 2958 2615 theilung für Unterſuchungsſachen. Kommiſſion ⅠⅠ.
1917 2614 2958 2663 für Vorunterſuchungen. Beſchreibung. Alter:
1911 2660 2957 2706 28 Jahr, geb. 7. Mai 1850, Geburtsort: Biernacice,
1911 2700 2957 2752 Größe: 1 m 80 — 95 cm, Haare: ſchwarz, Augen:
1912 2749 2957 2796 braun, Augenbrauen: ſchwarzbraun, Kinn: rund,
1916 2796 2957 2843 Naſe: gewöhnlich, Mund: gewöhnlich, Geſichts⸗
1916 2841 2956 2888 bildung: breit, Geſichtsfarbe: friſch, Zähne: voll⸗
1917 2887 2955 2934 ſtändig, Geſtalt: ſchlank, Sprache: deutſch, beſon⸗
1916 2932 2737 2979 dere Kennzeichen: ein Finger verkrüppelt.
1962 3023 2953 3069 Steckbrief. Der Kanonier Chriſtoph Heinrich
1915 3069 2953 3114 Auguſt Peterſen der 7. Batterie 2. Weſtfäliſchen
1912 3113 2952 3169 Feld⸗Artillerie⸗Regiments Nr. 22 hat am 15. d.
1914 3159 2954 3205 Monats heimlich die Garniſon verlaſſen und iſt
1916 3205 2953 3251 bis heute noch nicht zurückgekehrt. Der ꝛc. Peterſen
1914 3251 2952 3296 iſt der Fahnenflucht dringend verdächtig. Alle Mili⸗
1913 3296 2951 3351 tär⸗ und Civilbehörden werden dienſtergebenſt er⸗
1914 3341 2952 3387 ſucht, auf den im nachſtehenden Signalement näher
1915 3387 2951 3432 bezeichneten ꝛc. Peterſen zu vigiliren und denſelben
1915 3432 2950 3479 ev. an das unterzeichnete Kommando abliefern zu
1920 3476 2951 3524 laſſen. Signalement des Kanoniers Peterſen.
1914 3523 2951 3577 Vor⸗ und Zuname: Chriſtoph Heinrich Auguſt
1914 3568 2948 3614 Peterſen. Truppentheil: 7. Batterie 2. Weſt⸗
1912 3613 2948 3659 fäliſchen Feld⸗Art.⸗Regiments Nr. 22. Geburts⸗
1912 3659 2948 3706 ort: Werl (Eltern wohnen in Dortmund).
1912 3704 2949 3751 Kreis: Soeſt. Regierungsbezirk: Arnsberg. Re⸗
1906 3750 2947 3795 ligion: katholiſch. Geboren: 1. Januar 1856.
1909 3791 2947 3841 Große: 1 m 75,5 cm. Haare: dunkelblond. Alter:
1911 3839 2948 3888 22 Jahre 9 Monate. Stirn: gewöhnlich. Augen⸗
1910 3886 2947 3932 braunen: dunkelblond. Augen: ſchwarz. Naſe: ge⸗
1910 3931 2948 3977 wöhnlich. Mund: gewöhnlich. Bart: leichten
1911 3976 2948 4023 Schnurrbart (dunkelblond). Zähne: geſund. Kinn:
1909 4022 2946 4069 rund. Geſichtsbildung: rund. Geſichtsfarbe: blaß.
1909 4067 2954 4113 Geſtalt: ſchlank. Sprache: deutſch. Profeſſion:
1908 4110 2954 4158 Tagelöhner. Beſondere Kennzeichen: Keine. —
1908 4157 2957 4205 Derſelbe hat mitgenommen: 1 Waffenrock (4ter
1911 4203 2958 4250 Garnitur), 1 Tuchhoſe (4ter Garnitur), 1 Hals⸗
1908 4249 2959 4295 binde, 1 Unterhoſe, 1 Faſchinenmeſſer mit Säbel⸗
1907 4292 2950 4344 troddel und Leibriemen, 2 Paar eigene Stiefel (von
1904 4336 2945 4386 Avancirten entwendet), 1 Hemde, 1 Mantel.
1908 4384 2947 4428 Minden, den 18. Oktober 1878. Kommando der
1907 4430 2942 4477 2. Abtheilung 2. Weſtfäliſchen Feld⸗Artillerie⸗
1911 4476 2343 4521 Regiments Nr. 22.
2092 4556 2760 4606 Verkäufe, Verpachtungen,
2207 4606 2642 4656 Submiſſionen ꝛc.
1905 4666 2027 4712 [8754]
1905 4711 2946 4762 Königlich Niederſchleſiſch⸗Märkiſche Eiſenbahn.
1952 4756 2285 4802 Submiſſion auf:
2022 4802 2762 4852 8 Stück Perſonenwagen Ⅰ./ⅠⅠ. Klaſſe,
2018 4847 2716 4896 4 Stück Perſonenwagen ⅠⅠ. Klaſſe,
1998 4892 2738 4943 15 Stück Perſonenwagen ⅠⅠⅠ. Klaſſe,
2011 4939 2829 4989 Sounabend, den 2. November d. J.,
2227 4984 2609 5033 Mittags 12 Uhr,
1903 5029 2942 5078 im maſchinentechniſchen Bureau, Berlin SW.,
1903 5074 2282 5120 Köthnerſtraße 24 Ⅰ.
1949 5119 2943 5168 Offerten müſſen frankirt, verſiegelt und mit der
1902 5164 2943 5214 Aufſchrift: „Submiſſionsofferte auf Lieferung von
1904 5209 2604 5256 Perſonenwagen“ eingereicht werden.
1947 5255 2943 5304 Bedingungen, Zeichnungen ꝛc. ſind vom maſchinen⸗
1900 5300 2943 5348 techniſchen Bureau gegen Erſtattung von 4 ℳ zu
1899 5345 2073 5389 beziehen.
2618 5347 2943 5394 (à Cto. 197/10)
1953 5390 2585 5434 Berlin, den 18. Oktober 1878.
2189 5435 2654 5484 Königliche Direktion.
1899 5525 2019 5570 [8731]
1898 5570 2941 5619 Königliche Niederſchleſiſch⸗Märkiſche Eiſenbahn.
1948 5616 2941 5662 1) Die Ausführung der Erd⸗, Maurer⸗ und
2017 5661 2941 5709 Steinmetzarbeiten inkl. Lieferung von Kalk,
2014 5705 2518 5752 Sand und Granitſteinen,
1945 5751 2939 5800 2) die Ausführung der Steinſetzerarbeiten inkl.
2013 5796 2439 5841 Lieferung der Steine,
1945 5841 2940 5886 3) die Lieferung von 40 Mille Mauerſteinen zum
2015 5885 2940 5933 Bau einer Schiebebühne auf Bahnhof Bres⸗
2011 5931 2169 5969 lau und
1944 5975 2941 6022 4) die Anfertigung und Lieferung von 5 neuen
2012 6019 2941 6071 hölzernen Ausfahrtsthoren für den Lokomotiv⸗
2011 6064 2420 6110 ſchuppen in Breslau
1898 6107 2939 6158 ſoll im Ganzen, oder nach den einzelnen Looſen ge⸗
1897 6153 2937 6203 trennt, im Wege der Submiſſion vergeben werden.
1943 6197 2376 6246 Termin hierzu iſt auf
1895 6241 2937 6292 Freitag, den 25. Oktober d. J., Mittags 12 Uhr,
1894 6287 2936 6338 im Bureau der Königlichen Eiſenbahn⸗Kommiſſion
1893 6332 2937 6381 hierſelbſt anberaumt, bis zu welchem die Offerten
1892 6377 2732 6426 frankirt und verſiegelt mit der Aufſchrift:
1984 6422 2933 6473 „Offerte auf Herſtellung einer Schiebebühne
1983 6468 2497 6515 auf Bahnhof Breslau“
3019 413 4064 461 per Adreſſe der Königlichen Eiſenbahn⸗Kom⸗
3020 458 3865 507 miſſion (N./M.) eingereicht ſein müſſen.
3069 504 4067 550 Die Submiſſionsbedingungen und Zeichnungen
3019 549 4065 597 liegen im vorbezeichneten Bureau zur Einſicht aus,
3019 594 4065 640 auch können daſelbſt Abſchriften der Bedingungen
3020 640 4065 686 und der vorgeſchriebenen Offerten⸗Formulare, gegen
3019 685 4064 730 Erſtattung der Kopialien von dem Bureau⸗Vorſteher
3016 731 3926 778 Herrn Volke in Empfang genommen werden.
3066 776 3739 819 Breslau, den 16. Oktober 1878.
3195 821 3887 868 Der Eiſenbahn⸗Bau⸗Inſpektor.
3398 868 3672 913 Großmann.
3015 969 3140 1014 [8749]
3378 959 3708 1043 Submiſſion.
3056 1047 4061 1094 Für die hieſige Strafanſtalt ſollen im Wege der
3013 1091 3281 1136 Submiſſion:
3013 1138 4060 1183 88 000 kg Oberſchleſische Würfel⸗Fettkohlen
3014 1180 4061 1236 angekauft werden und iſt zu dieſem Zweck ein Termin
3013 1230 4060 1278 auf Montag, den 28. Oktober cr., Vormittags
3013 1276 4009 1320 11 Uhr, in dem Bureau der Anſtalt anberaumt.
3061 1321 4058 1367 Verſiegelte, mit der bezüglichen Aufſchrift ver⸗
3012 1366 4059 1412 ſehene Offerten werden bis zum Termine angenom⸗
3012 1411 4059 1458 men, wo deren Oeffnung im Beiſein der erſchiene⸗
3011 1457 3646 1502 nen Submittenten erfolgen ſoll.
3058 1502 4059 1548 Offerten, welche nach dem Termine eingehen, finden
3010 1548 3462 1603 keine Berückſichtigung.
3060 1593 4056 1639 Die Lieferungsbedingungen liegen im Bureau der
3011 1638 4059 1684 Anſtalt zur Einſicht aus und können auf Verlangen
3011 1684 4055 1733 auch abſchriftlich gegen 50 ₰ Kopialien mitgetheilt
3009 1728 3167 1773 werden.
3750 1729 4058 1775 (à Cto. 196/10.)
3059 1774 3694 1830 Sagan, den 17. Oktober 1878.
3144 1819 3929 1866 Königliche Strafanſtalts⸗Direktion.
3010 1946 3136 1992 [8732]
3335 1945 3725 1996 Bekanntmachung.
3035 1991 4058 2038 Die Lieferung von Roggen und Hafer für die
3009 2037 4057 2089 Militärmagazine zu Karlsruhe, Raſtatt und Mann⸗
3009 2081 4056 2128 heim, ſowie von Hafer für das Militärmagazin zu
3009 2127 4055 2174 Bruchſal pro 1879 ſoll im Wege öffentlicher Sub⸗
3008 2173 3533 2226 miſſion verdungen werden.
3049 2217 3587 2265 Dieſerhalb iſt Termin auf
3119 2263 3945 2309 Mittwoch, den 6. November d. Js.,
3302 2309 3767 2356 Vormittags 10 Uhr,
3006 2355 4050 2399 im Büreau der unterzeichneten Intendantur anbe⸗
3005 2396 4053 2447 raumt, zu welchem ſchriftliche Angebote verſiegelt
3005 2446 3478 2490 und mit der Aufſchrift:
3028 2491 4021 2537 Angebot auf Naturalienlieferung pro 1879
3004 2537 4049 2584 verſehen in unſerer Regiſtratur in Empfang ge⸗
3003 2583 3334 2622 nommen werden.
3051 2628 4050 2675 Die Lieferungsbedingungen liegen zur Einſicht
3003 2673 4050 2719 aus bei den Proviantämtern zu Mannheim und
3001 2719 4050 2765 Raſtatt, bei der Reſerve⸗Magazin⸗Rendantur zu
3001 2765 4050 2813 Bruchſal, ſowie auf der dieſſeitigen Regiſtratur, von
3001 2811 4050 2858 welcher letzteren auch ſolche gegen Erſtattung der
3000 2856 3800 2906 Koſten abgegeben reſp. verſandt werden.
3048 2902 4049 2949 Der ohngefähre Bedarf beträgt für das Magazin
2999 2943 4048 2994 in Karlsruhe 22 000 Ctr. Roggen, 47 000 Ctr. Hafer
3007 2989 4010 3039 „  Raſtadt 37 000 „ „ 20 000 „ „
3013 3037 3254 3084 „ Manheim
3009 3086 3309 3129 „ Schwetzingen
3359 3062 3648 3108 8000 „ „
3716 3039 4005 3086 14 000 „ „
3716 3083 4008 3131 9 000 „ „
3014 3129 4007 3175 „ Bruchſal — „ „ 18 000 „ „
2997 3175 4046 3221 wobei indeſſen darauf aufmerkſam gemacht wird,
2996 3221 4045 3267 daß in Grenzen dieſes Bedarfs für die einzelnen
2997 3266 4042 3313 Magazine beliebige Quantitäten zur Einlieferung
2996 3312 3505 3357 angeboten werden können.
3041 3357 3711 3403 In jedem Angebot iſt anzugeben:
3028 3398 3831 3454 1) Name und Wohnort des Offerenten,
3024 3448 4037 3495 2) das Quantum des Naturals, welches zu liefern
3091 3493 3424 3539 beabſichtigt wird,
3025 3538 3647 3585 3) Zeitpunkte der Einlieferung,
3023 3584 3454 3629 4) die Magazin⸗Orte,
3027 3629 3855 3675 5) der Preis pro 50 Kilo frei Magazin,
3030 3675 4042 3721 6) daß von den Lieferungs⸗Bedingungen Kenntniß
3089 3721 4040 3767 genommen und das Angebot auf Grund der⸗
3089 3765 3425 3811 ſelben erfolgt iſt.
3039 3811 3754 3857 Karlsruhe, den 12. Oktober 1878.
3031 3857 3995 3906 Königliche Intendantur 14. Armee⸗Corps.
2986 3961 3128 4030 [8742]
3246 4253 3777 4332 Magdeburg⸗Leipzig.
3039 4333 4035 4379 Wir bringen hiermit zur öffentlichen Kenntniß,
2992 4370 4036 4425 daß von den Aktien und Prioritäts⸗Obliga⸗
2995 4423 4033 4471 tionen der früheren Magdeburg⸗Leipziger
2993 4469 4035 4516 Eiſenbahngeſellſchaft die nachfolgenden Nummern
2991 4514 3756 4562 bis jetzt bei uns nicht präſentirt ſind:
2991 4560 4034 4606 Ⅰ. Stamm⸗Aktien (alte) laut Privilegien von
3258 4606 3771 4649 1837, 1856 und 1867.
3038 4648 4033 4691 31 Stück Nr. 13 878 16 244 16 248 16 251
4117 409 5123 482 16 252 21 007 21 630 29 006 29 007 29 371 30 920
4116 455 4943 502 32 410 38 641 38 642 43 807 bis 43 823.
4114 499 5118 577 ⅠⅠ. Stamm⸗Aktien Litt. B. laut Privile⸗
4450 546 4820 598 gium von 1863.
4162 594 5123 661 18 Stück Nr. 633 26 970 39 856 41 606 45 020
4112 636 5121 702 45 071 49 447 60 913 bis 60 918 81 600 a. 86 070
4107 681 4653 732 94 561 94 562 und 97 928.
4111 731 5110 791 III. Prioritäts⸗Aktien und Prioritäts⸗Obli⸗
4518 777 4737 820 gationen.
4266 821 4990 867 1) Prioritäts⸗Aktien von 1840/1842.
4160 866 5117 926 18 Stück Nr. 93 1237 3761 5071 7674 8034
4112 912 5121 976 9353 9801 9805 12 552 13 366 15 548 15 564
4114 953 4954 1002 16 003 16 102 16 302 17 096 und 17 860.
4253 1003 5003 1049 2) Prioritäts⸗Obligationen von 1851.
4158 1043 4965 1099 3. Stück Nr. 23 638 24 404 und 26 684.
4230 1093 5034 1141 3) Prioritäts⸗Obligationen von 1866/67.
4160 1139 5113 1195 12 Stück Nr. 8233 bis 8239 9170 9171 19 702
4112 1185 4489 1223 19 703 und 19 723.
4155 1231 5072 1279 4) Prioritäts⸗Obligationen Litt. E. von 1873.
4156 1276 5114 1334 52 Stück Nr. 1857 1858 2168 bis 2170 3309
4109 1321 5112 1378 3453 3652 3927 3928 4501 4746 5691 5806 5809
4109 1366 5113 1424 5842 6476 bis 6480 7213 8686 8687 8746 8980
4108 1411 5113 1468 bis 8982 9056 9902 9919 9920 10 084 10 085
4112 1457 5105 1514 10 214 10 312 10 313 12 715 12 716 12 717 14 041
4111 1499 5111 1558 14 042 17 134 17 493 19 402 bis 19 406 19 440
4108 1549 4324 1588 bis 19 442.
4163 1594 5072 1640 5) Prioritäts⸗Obligationen Litt. F. von 1874.
4155 1639 5110 1692 30 Stück Nr. 579 bis 581 2204 bis 2208 4794
4107 1685 5108 1735 4830 5420 5450 5451 5496 8010 9614 9947
4111 1730 5109 1782 10 185 10 575 11 204 11 211 11 212 11 383 bis
4111 1776 5107 1829 11 385 13 520 13 521 13 612 13 614 und 13 615
4156 1821 5107 1873 6) Außerdem iſt aus der Verlooſung 1876 die
4106 1867 5110 1922 4 % Prioritäts⸗Aktie von 1840 Nr. 1792 nicht zur
4108 1911 4529 1958 Einlöſung präſentirt.
4154 1957 5104 2008 Die Inhaber der vorerwähnten Effekten werden
4108 2002 5105 2059 hierdurch aufgefordert, dieſelben nebſt den dazu ge⸗
4106 2047 5105 2098 hörigen Dividendenſcheinen reſp. Coupons und Ta⸗
4105 2094 5106 2144 lons bei unſerer Hauptkaſſe einzureichen und da⸗
4104 2139 4954 2186 gegen die Valuta in Empfang zu nehmen.
4150 2182 4733 2236 Sämmtliche bisher eingelöſte
4196 2224 4934 2277 Magdeburg⸗Leipziger Stamm Aktien,
4265 2276 4881 2326 „  „ Prioritäts ⸗
4097 2316 5110 2371 und „ „ „ Obligationen
4100 2367 4978 2412 ſind in Gegenwart eines Notars verbrannt.
4148 2413 4900 2456 Magdeburg, den 15. Oktober 1878.
4478 2458 4755 2500 Direktorium
4159 2499 5070 2558 der Magdeburg⸗Halberſtädter Eiſenbahn⸗
4491 2549 4754 2595 Geſellſchaft.
4565 2595 4680 2634 Lent.
4189 2686 5034 2740 Verſchiedene Bekanntmachungen.
4099 2740 4224 2790 [8744]
4140 2788 5102 2837 Zur Berathung und Beſchlußfaſſung über Ab⸗
4098 2834 5102 2885 änderung und Ergänzung der Statuten und zur
4097 2879 5105 2928 Wahl eines Mitgliedes des Verwaltungsraths wird
4097 2925 5028 2973 eine außerordentliche Generalverſammlung auf
4146 2971 5097 3021 Sonnabend, den 14. Dezember 1878, Nach⸗
4143 3015 5097 3065 mittags 6 Uhr, im Sitzungsſaale des Kö⸗
4142 3061 5037 3110 niglichen Appellationsgerichts hierſelbſt,
4096 3108 5100 3157 einberufen, wozu ſämmtliche Mitglieder des Penſions⸗
4096 3153 5098 3203 vereins für Rechtsanwalte und Notare der Provinz
4095 3198 5102 3247 Schleſien (auch die Mitglieder des Vereins zur
4094 3243 5103 3294 Penſionirung der Wittwen) hierdurch eingeladen
4093 3290 4238 3328 werden.
4139 3335 5102 3386 Die in Antrag gebrachten Vorſchläge zur Ab⸗
4094 3377 4831 3428 änderung der Statuten gehen dahin:
4139 3426 5100 3475 zu §. 20. Die Generalverſammlung ſtatt durch
4185 3471 5100 3521 die Zeitung in der in §. 17 angeordneten Art
4185 3515 4576 3564 bekannt zu machen;
4140 3561 5099 3610 zu §. 24. a. das behufs des Beitritts erforder⸗
4248 3607 5105 3656 derliche Atteſt über die Arbeitsfähigkeit, auch
4246 3654 5099 3702 wenn es nicht von zwei Vereinsmitgliedern,
4246 3698 5101 3748 ſondern von dem Vorſitzenden des betreffen⸗
4244 3745 5099 3793 den Gerichts ausgeſtellt iſt, für ausreichend
4244 3790 4458 3835 zu nehmen,
4176 3831 5099 3884 b. die einjährige Friſt zur Aufnahme in den
4243 3879 4995 3929 Verein auf drei Jahre zu verlängern,
4177 3926 5105 3973 c. die bei einem verſpäteten Eintritte nachzu⸗
4243 3971 5099 4021 zahlenden Gelder nach dem Tage der Auf⸗
4242 4017 4952 4067 nahme in den Verein zu berechnen;
4135 4061 5100 4110 zu §. 31. ſtatt des vorgeſchriebenen Atteſtes
4182 4107 4972 4157 auch einen andern Nachweis zuzulaſſen;
4134 4152 4703 4201 zu §. 40. wie zu §. 24 c.;
4134 4198 5096 4247 zu §. 45. den Beitrag der Wittwenkaſſe auf
4179 4243 4686 4289 ein Zehntel herabzuſetzen.
4132 4289 4802 4333 Breslau, den 14. Oktober 1878.
4085 4336 5096 4414 Der Vorſitzende des Verwaltungs⸗
4084 4414 5099 4493 raths des Penſionsvereins für Rechts⸗
4083 4495 5093 4576 anwälte und Notare in der Provinz
4480 4576 4730 4651 Schleſien.
4446 4654 4752 4696 Lubowski.
2989 4753 3114 4800 [8751]
3529 4751 4599 4826 Status der Roſtocker Bank
3819 4833 4303 4880 am 31. Auguſt 1878,
3033 4877 5074 4927 die Geſchäfte des neunundzwanzigſten Rechnungsjahres pro 1. März bis ult. Auguſt 1878 umfaſſend.
2981 6111 3106 6162 [8755]
3079 6072 3932 6118 Carl Heymann's Verlag, Berlin W.
3249 6117 3768 6162 Mauerſtraße 63 — 64 — 65.
3055 6162 3954 6213 Rechts⸗ und Staatswiſſenſchaftlicher Verlag.
3029 6206 3845 6254 Durch alle Buchhandlungen zu beziehen:
2985 6250 4024 6301 Die Strafprozeßordnung für das Deutſche Reich,
3272 6295 3725 6342 vom 1. Februar 1877.
2998 6336 3999 6390 Bearbeitet von G. Thilo, Kreisgerichts⸗Direktor.
3333 6386 3669 6426 Preis br. ℳ 12.
3024 6430 4017 6480 Der als Mitglied der damaligen Juſtizkommiſſion
2976 6474 4014 6525 des Reichstages wie als Kriminaliſt rühmlichſt be⸗
4074 6073 5090 6124 kannte Verfaſſer macht in vorliegendem Kommentar
4073 6122 5090 6170 (gleichzeitig Bd. II. der „Juſtizgeſetzgebung von
4072 6163 5091 6214 Dr. von Sarwey und Thilo“) das vorhandene Aus⸗
4073 6199 5097 6260 legungsmaterial für die Rechtsanwendung zugänglich
4074 6251 5089 6303 und giebt dem Juriſten ein ſowohl für den Hand⸗
4073 6292 5089 6350 gebrauch, als auch zu wiſſenſchaftlichen Zwecken höchſt
4070 6330 5091 6396 praktiſches Hülfsbuch, welches bereits in ſeinen ein⸗
4070 6377 5087 6442 zelnen Lieferungen eine bedeutende Anerkennung fand
4069 6419 5089 6486 und in dieſer kompletten Ausgabe von jedem Inter⸗
4068 6481 4958 6530 eſſenten willkommen geheißen werden dürfte.
6015 389 8730 610 Deutſcher Reichs⸗Anzeiger
7298 721 7444 805 und
5362 922 9400 1168 Königlich Preußiſcher Staats⸗Anzeiger.
5764 1305 6568 1349 Das Abonnement beträgt 4 ℳ 50 ₰
5964 1362 6373 1407 für das Vierteljahr.
5610 1418 6721 1471 Inſertionspreis für den Raum einer Druckzeile 30 ₰
8144 1285 9031 1332 Alle Poſt-Anſtalten nehmen Beſtellung an;
8040 1335 9146 1395 für Berlin außer den Poſt⸗Anſtalten auch die Expe-
8226 1397 8949 1440 dition: SW. Wilhelmſtr. Nr. 32.
5219 1567 5656 1661 No. 248.
6595 1565 7140 1649 Berlin, Montag,
7638 1551 8414 1623 den 21. Oktober, Abends.
9228 1536 9534 1614 1878.
5286 1803 6557 1866 Se. Majeſtät der König haben Allergnädigſt geruht:
5335 1866 6616 1927 dem ordentlichen Profeſſor Dr. Ziebarth an der Uni⸗
5236 1917 6620 1986 verſität zu Göttingen, dem Profeſſor Dr. philos. Boettger
5231 1969 6618 2041 zu Frankfurt a. M., dem Pfarrer Schüler zu Lipprechterode
5234 2020 6617 2085 im Kreiſe Nordhauſen, dem Ober⸗Steuer⸗Controleur, Steuer⸗
5236 2070 6620 2143 Inſpektor Maiß zu Waldenburg und dem Eiſenbahn⸗
5237 2122 6621 2192 Sekretär, Rechnungs⸗Rath Utermöhlen zu Hannover den
5240 2173 6624 2242 Rothen Adler⸗Orden vierter Klaſſe; dem Kanzlei⸗Rath Kaſſa
5240 2225 6623 2290 beim Evangeliſchen Ober⸗Kirchenrath zu Berlin den König⸗
5239 2270 6623 2346 lichen Kronen⸗Orden dritter Klaſſe; dem Rektor Mittendorf
5239 2327 6621 2400 zu Berlin, dem Hauptlehrer Kettenhofen zu Trier und
5240 2378 6621 2442 dem Landarmenhaus⸗Inſpektor Brandt zu Prenzlau den
5240 2425 6623 2498 Königlichen Kronen⸗Orden vierter Klaſſe; dem Schullehrer
5239 2482 6621 2547 Winter zu Burladingen im Oberamte Hechingen und dem
5239 2531 6621 2602 Schullehrer, Küſter und Kantor Koppeheel zu Quenſtedt
5241 2585 6627 2649 im Mansfelder Gebirgskreiſe den Adler der Inhaber des
5241 2635 6627 2704 Königlichen Haus⸗Ordens von Hohenzollern; dem Schullehrer,
5240 2685 6628 2755 Küſter und Organiſten Lampe zu Gollwitz im Kreiſe Zauch⸗
5240 2737 6621 2804 Belzig, dem Wirthſchaftsvogt Kupke zu Dammer im Kreiſe
5239 2789 6618 2856 Militſch und dem Vereinsdiener Engelbert Strauß zu
5241 2838 6420 2909 Düſſeldorf das Allgemeine Ehrenzeichen zu verleihen.
5567 3052 6295 3114 Deutſches Reich.
5587 3132 6280 3182 Bekanntmachung.
5240 3186 6630 3260 Packetverkehr mit Oeſterreich⸗Ungarn, Belgien,
5478 3243 6375 3307 Frankreich und Großbritannien.
5342 3301 6631 3363 Vom 1. November ab tritt im Verkehr mit Oeſterreich⸗
5241 3355 6632 3423 Ungarn für Packete, Werth⸗ und Nachnahmeſendungen der⸗
5234 3399 6633 3475 ſelbe Tarif in Wirkſamkeit, welcher für den inneren Ver⸗
5228 3453 6631 3526 kehr des Reichs⸗Poſtgebiets zur Anwendung kommt. In
5239 3504 6634 3578 Folge deſſen gilt künftig auch im Verkehr Deutſchlands mit
5235 3555 6632 3625 Oeſterreich⸗Ungarn für alle Packete bis 5 kg die Ein⸗
5239 3607 6629 3678 heitstaxe, und es koſtet daher beiſpielsweiſe ein frankirtes
5241 3652 6634 3731 Packet bis 5 kg von Hamburg nach Wien oder von Memel
5239 3727 5656 3781 nach Fiume 50 ₰.
5344 3761 6633 3824 Von demſelben Zeitpunkte ab wird im Verkehr mit Bel⸗
5241 3812 6633 3883 gien eine einheitliche Taxe von 80 ₰ für alle
5237 3863 6631 3936 Packete bis 5 kg eingeführt, mithin dieſelbe Taxe, welche
5241 3914 6632 3984 bereits für den Verkehr mit der Schweiz und mit Dänemark
5242 3966 6632 4037 beſteht. Die Verſicherungsgebühr für Packete mit
5243 4016 6632 4087 Werthangabe im Verkehr zwiſchen Deutſchland und Bel⸗
5244 4070 6628 4140 gien iſt für die deutſch⸗belgiſche Beförderungsſtrecke auf 20 ₰
5243 4117 6570 4190 für je 600 ℳ oder einen Theil dieſer Summe herabgeſetzt.
5344 4170 6648 4242 Für Packete nach Frankreich, ſowie auch für Packete
5244 4224 6633 4293 nach Großbritannien, ſofern die letzteren auf Verlangen
5245 4275 6635 4339 des Abſenders über Rotterdam Beförderung erhalten, treten
5246 4325 6634 4395 gleichzeitig ermäßigte Portoſätze ein, über welche die Poſt⸗
5248 4381 6198 4447 anſtalten auf Befragen Auskunft ertheilen.
5347 4438 6128 4495 Berlin W., den 19. Oktober 1878.
5652 4483 6225 4538 Der General⸗Poſtmeiſter.
5817 4539 6059 4590 Stephan.
5346 4662 6638 4722 Die Nummer 33 des Reichs⸗Geſetzblatts, welche von heute
5247 4721 6182 4781 ab zur Verſendung gelangt, enthält unter
5347 4763 6632 4824 Nr. 1269 die Bekanntmachung, betreffend Bevollmächtigte
5246 4819 6456 4882 zum Bundesrath. Vom 8. Oktober 1878; und unter
5349 4865 6634 4928 Nr. 1270 die Bekanntmachung, betreffend den Aufruf und
5248 4916 6632 4986 die Einziehung der Einhundertmarknoten der Roſtocker Bank.
5250 4982 5778 5028 Vom 19. Oktober 1878.
5349 5030 6030 5086 Berlin, den 21. Oktober 1878.
5469 5075 6384 5136 Kaiſerliches Poſt⸗Zeitungs⸗Amt.
5538 5288 6355 5342 Königreich Preußen.
5303 5357 6589 5419 Se. Majeſtät der König haben Allergnädigſt geruht:
5352 5406 6639 5470 den Vorſitzenden der Königlichen Eiſenbahnkommiſſion zu
5249 5456 6639 5522 Königsberg i./Pr., Regierungs⸗ und Baurath Schroeder
5252 5508 6639 5573 zum Geheimen Baurath und vortragenden Rath bei dem
5253 5559 6638 5622 Miniſterium für Handel, Gewerbe und öffentliche Arbeiten zu
5252 5623 5601 5675 ernennen; ſowie
5351 5659 6643 5725 dem Kanzlei⸗Inſpektor Gramſch beim General⸗Auditoriat
5252 5715 6163 5775 den Titel als Kanzlei⸗Rath zu verleihen.
5352 5819 6639 5883 Der Königliche Hof legt heute für Ihre Majeſtät die
5252 5869 6639 5929 Königin Doña Maria Chriſtina, Großmutter Sr. Majeſtät
5252 5921 6591 5986 des Königs von Spanien, die Trauer auf drei Wochen an.
5352 5970 6640 6033 Die Damen erſcheinen in ſchwarzſeidenen Kleidern, und
5251 6022 6770 6087 zwar die erſte Woche in ſchwarzem Kopfputz mit ſchwarzen
5251 6072 6641 6136 Handſchuhen und ſchwarzen Fächern, die zweite Woche in
5251 6123 6641 6186 weißem Kopfputz mit weißen Handſchuhen und weißen Fächern,
5248 6184 5898 6240 die dritte Woche in Blonden.
5353 6224 6636 6289 Wegen des Anzuges der Herren wird auf die diesfälligen
5253 6275 6640 6340 Allerhöchſten Beſtimmungen vom 8. Februar 1862 Bezug
5247 6347 5483 6386 genommen.
5354 6386 6033 6442 Berlin, den 19. Oktober 1878.
5556 6430 6322 6490 Der Vize⸗Ober⸗Ceremonienmeiſter:
5681 6483 6200 6540 Graf zu Eulenburg.
6741 1782 8037 1842 Miniſterium der geiſtlichen, Unterrichts⸗ und
6974 1842 7790 1898 Medizinal⸗Angelegenheiten.
6794 1898 8082 1967 Dem Muſikdirigenten Auguſt Grüters zu Crefeld iſt
6693 1955 7753 2015 das Prädikat „Muſikdirektor“ beigelegt worden.
6795 2003 8081 2066 Am Gymnaſium in Caſſel iſt der ordentliche Lehrer
6693 2057 7841 2119 Dr. Heldmann zum Oberlehrer befördert worden.
6795 2177 8076 2246 Angekommen: Der Direktor im Miniſterium der geiſt⸗
6693 2239 8077 2298 lichen, Unterrichts⸗ und Medizialangelegenheiten, Wirkliche
6694 2290 7986 2352 Geheime Ober⸗Regierungs⸗Rath Greiff aus Halle a./S.
6786 2454 8078 2504 Bei der am 11. I. Mts. ſtattgefundenen Verlooſung der mit
6695 2500 8076 2551 dem 1. Januar 1879 zur Rückzahlung kommenden 4 prozentigen
6696 2545 8076 2595 Rentenbriefe der Grundrenten⸗Ablöſungskaſſe des vormals land⸗
6697 2591 8077 2646 gräflich heſſiſchen Amtes Homburg ſind folgende Nummern gezogen
6697 2654 6847 2684 worden:
6787 2681 8077 2731 7 Stück Litt. A. à 500 Fl. = 857 ℳ 14 ₰ Nr. 33 35 56 61
6698 2727 8076 2778 74 126 und 140 = 3500 Fl. oder 5999 ℳ 98 ₰. 10 Stück Litt. B.
6699 2772 8080 2826 à 100 Fl. = 171 ℳ 43 ₰ Nr. 86 87 88 89 90 231 232 233 234
6696 2817 8079 2871 235 = 1000 Fl. oder 1714 ℳ 30 ₰, zuſammen 4500 Fl. oder
6697 2871 7008 2914 7714 ℳ 28 ₰.
6789 2907 8081 2960 Die Inhaber dieſer Rentenbriefe werden hiervon mit dem Be⸗
6698 2950 8086 3007 merken in Kenntniß geſetzt, daß ſie die Kapitalbeträge, deren Ver⸗
6699 2999 8081 3055 zinſung nur bis zum Rückzahlungstermine erfolgt, bei der Königlichen
6698 3045 8081 3100 Regierungs⸗Hauptkaſſe in Wiesbaden und bei der Königlichen Steuer⸗
6700 3091 8082 3145 kaſſe in Homburg gegen Rückgabe der Rentenbriefe und der dazu ge⸗
6700 3136 8083 3190 hörigen, nach dem 1. Januar 1879 fällig werdenden Zinscoupons er⸗
6698 3190 6961 3238 heben können.
6793 3227 8086 3280 Der Geldbetrag der etwa fehlenden, unentgeltlich zurückzugebenden
6701 3272 8087 3329 Zinscoupons wird von dem zu zahlenden Nominalbetrag des betreffen⸗
6701 3325 7282 3370 den Rentenbriefes abgehalten.
6793 3367 7546 3416 Wiesbaden, den 17. September 1878.
7182 3407 7602 3464 Königliche Regierung
7244 3457 7572 3499 von Wurmb.
7143 3631 7626 3710 Nichtamtliches.
7081 3731 7696 3780 Deutſches Reich.
6806 3802 8089 3858 Preußen. Berlin, 21. Oktober. Der Bundes⸗
6703 3855 7732 3914 rath trat heute zu einer Sitzung zuſammen.
6791 3926 8088 3978 — Die Rede, mit welcher der Reichskanzler Fürſt von
6704 3977 8036 4037 Bismarck am Sonnabend den Reichstag ſchloß, lautet:
6797 4028 8089 4083 Meine Herren, die Kaiſerliche Botſchaft iſt verleſen. Wenn Sie
6705 4073 8091 4130 mir geſtatten wollen, am Schluſſe der Sitzung noch einige Worte
6706 4119 8090 4174 zu Ihnen zu reden, ſo iſt es vorzugsweiſe, um dem Gefühl den Aus⸗
6706 4164 8091 4219 druck zu geben, mit welchem die verbündeten Regierungen die That⸗
6707 4207 8096 4266 ſache begrüßen, daß die Meinungsverſchiedenheiten, welche am Anfang
6706 4255 8100 4312 unſerer Sitzung das Schickſal ihrer Vorlage im Ganzen oder doch
6708 4296 8095 4353 in den weſentlichſten Theilen zu bedrohen ſchienen, auf dem Wege güt⸗
6707 4346 8092 4399 licher Verſtändigung der Betheiligten ihre Erledigung gefunden haben,
6708 4393 8091 4448 ſo daß ich mich nach der heutigen Abſtimmung und vermöge der vertrau⸗
6708 4436 8091 4492 lichen Beſprechung, welche wir im Bundesrath in den letzten Tagen gehabt
6708 4482 8093 4535 haben, in der Lage befinde, vorausſehen zu können, daß Ihr heutiger
6709 4528 8091 4578 Beſchluß im Bundesrath einſtimmige Annahme finden werde. Ich
6707 4573 8089 4627 will damit nicht ſagen, daß alle verbündeten Regierungen gleichmäßig
6709 4614 8098 4674 überzeugt wären, daß die Mittel, die Sie in ihre Hand legen, voll⸗
6709 4664 8093 4716 ſtändig ausreichen würden, um die Zwecke, zu deren Erreichung das
6710 4709 8093 4766 Geſetz eingebracht worden iſt, überall zu erreichen, ſon⸗
6708 4754 8099 4808 dern nur, daß alle Regierungen entſchloſſen ſind, den auf⸗
6709 4799 8095 4856 richtigen Verſuch zu machen, mit den Mitteln, welche dieſes
6709 4846 8096 4899 Geſetz ihnen gewähren wird, die Krankheit zu heilen, von der
6710 4891 8096 4944 unſer Gemeinweſen ergriffen iſt. Sollte die Erfahrung den Beweis
6710 4937 8096 4993 liefern, daß dies nicht ausreichend der Fall iſt, ſo werden die ver⸗
6710 4981 8096 5035 bündeten Regierungen in der Lage ſein, ſich wiederum vertrauensvoll
6712 5026 8095 5083 an Ihre Unterſtützung zu wenden, um da nachzuhelfen, wo die jetzi⸗
6712 5073 8095 5126 gen Mittel nach der Ueberzeugung der Regierung nicht ausreichen
6712 5117 8095 5172 ſollten. Sie werden das thun, ſei es auf dem Wege der Reform
6711 5163 8095 5216 unſerer allgemeinen Geſetzgebung, was das Erwünſchteſte ſein würde,
6706 5207 8094 5265 ſei es durch Vervollſtändigung des eben votirten Geſetzes; das letz⸗
6708 5252 8096 5305 tere aber wird vorausſichtlich der Fall ſein in Bezug auf
6711 5299 8096 5352 die Dauer, für welche dieſes Geſetz eben gegeben iſt; denn
6712 5339 8108 5392 Niemand unter uns hat ſich der Hoffnung hingeben können,
6712 5379 8096 5444 daß die hiermit beginnende Heilung der Schäden in dritthalb
6712 5432 8095 5487 Jahren vollendet ſein verde. Die verbündeten Regierungen ſchöpfen
6713 5479 8092 5531 aber aus dem Verlaufe dieſer Sitzung die Zuverſicht, daß auch dann,
6713 5524 8094 5577 nachdem ſie durch lo ale Ausführung des Geſetzes das Vertrauen
6713 5563 8099 5622 des Reichstags gerechtfertigt haben werden, die Hülfe und der Bei⸗
6715 5607 8093 5670 ſtand, die Mitwirkung des Reichstags in dem Maße des Bedürfniſſes
6714 5657 8094 5713 ihnen nicht fehlen wird. In dieſem Vertrauen, meine Herren, bleibt
6713 5703 8085 5759 mir nur noch übrig, die formale Aufgabe, welche mir die Aller⸗
6713 5748 8090 5805 höchſte Botſchaft ertheilt, zu vollziehen, und erkläre ich im Namen
6715 5793 8091 5849 der verbündeten Regierungen auf Befehl Sr. Majeſtät des Kaiſers
6712 5841 7766 5898 die Sitzungen des Reichstags hiermit für geſchloſſen.
6811 5904 8098 5966 — Ein Diebſtahl kann ſtrafrechtlich nur an einer be⸗
6713 5955 8099 6019 weglichen Sache begangen werden. In Bezug auf dieſe
6712 6007 8098 6067 im §. 242 des Strafgeſetzbuchs ausgeſprochene Beſtimmung
6713 6057 8099 6122 hat das Ober⸗Tribunal durch Erkenntniß vom 26. Sep⸗
6713 6109 8099 6170 tember d. J. das Prinzip ausgeſprochen, daß im Strafgebiet
6713 6161 8099 6220 die civilrechtlichen Grundſätze über unbewegliche Pertinenz⸗
6713 6204 8107 6271 ſtücke nicht Platz greifen, und hier als bewegliche Sache auch
6713 6260 8113 6322 die zu gelten hat, welche die Eigenſchaft einer ſolchen erſt
6713 6311 8102 6372 durch ihre Lostrennung von Grund und Boden erlangt, daß
6710 6362 8102 6419 dementſprechend das Abſägen eines fremden Baumes oder das
6712 6410 8101 6475 Abſchälen der Rinde deſſelben, um ſich den Baum oder die
6712 6465 7801 6525 Rinde anzueignen, als Diebſtahl zu beſtrafen iſt.
8233 1772 9536 1832 — Die Bevollmächtigten zum Bundesrath, Großherzoglich
8150 1827 9541 1882 mecklenburg⸗ſchwerinſcher Ober⸗Zolldirektor Oldenburg,
8150 1875 9535 1938 Großherzoglich ſächſiſcher Wirklicher Geheim⸗Rath Dr. Stich⸗
8151 1926 9538 1990 ling, ſowie Fürſtlich ſchwarzburgiſcher Staats⸗Miniſter
8151 1976 9536 2035 von Bertrab ſind von Berlin abgereiſt und der Bundesraths⸗
8151 2023 9536 2091 Bevollmächtigte, Fürſtlich reußiſche Geheime Regierungs⸗Rath
8149 2082 9348 2138 von Geldern⸗Crispendorf iſt hier angekommen.
8255 2322 9542 2381 Oeſterreich⸗Ungarn. Wien, 19. Oktober. (W. T. B.)
8148 2372 9540 2439 Die „Polit. Korr.“ meldet: Aus Konſtantinopel: Der Groß⸗
8147 2424 9542 2489 vezier ſoll den Botſchaftern einzelner Großmächte gegenüber
8148 2473 9542 2534 den Bedenken Ausdruck gegeben haben, welche die mili⸗
8149 2526 9543 2590 täriſchen Vorkehrungen des ruſſiſchen Armee⸗
8149 2576 9544 2637 kommandos der Pforte einflößen. Derſelbe ſoll gleichzeitig
8149 2627 9545 2693 darauf hingewieſen haben, daß dieſer Zuſtand der Pforte
8152 2677 9543 2745 großen finanziellen Schaden zufüge, da er ſie abhalte, zur Ab⸗
8151 2730 9544 2801 rüſtung zu ſchreiten. — Die Gerüchte von der bevorſtehenden
8152 2781 9543 2845 Entſendung Osman Paſchas nach Salonichi oder nach Albanien
8152 2828 9543 2896 ſind unbegründet. — Aus Bukareſt: Die erſten rumäniſchen
8153 2885 9543 2948 Truppen ſind zur Beſetzung der Dobrudſcha abgegangen,
8154 2935 9544 2996 das Gros folgt in der nächſten Woche. In Beſſarabien
8153 2987 9545 3052 haben die Ruſſen bereits die Poſt⸗ und Telegraphenämter
8153 3053 8432 3094 übernommen.
8245 3087 9543 3148 — 20. Oktober. (W. T. B.) Der ruſſiſche Botſchafter
8151 3138 9544 3198 Graf Schuwaloff iſt heute, von Paris kommend, hier ein⸗
8152 3184 9545 3258 getroffen und wird morgen Vormittag ſeine Reiſe nach Livadia
8151 3256 8352 3310 fortſetzen.
8256 3293 9539 3355 Peſt, 19. Oktober. (W. T. B.) Der Reichstag wurde heute
8158 3339 9538 3405 unter dem Vorſitze des Alters⸗Präſidenten Anton Boer formell er⸗
8160 3388 9542 3460 öffnet. Eine eingegangene Zuſchrift des Miniſter⸗Präſi⸗
8162 3443 9544 3508 denten theilt mit, daß die feierliche Eröffnung des Reichs⸗
8156 3494 9546 3561 tages durch die Thronrede morgen Mittag in der Hofburg
8154 3559 8382 3614 ſtattfindet.
8254 3596 9544 3656 — 20. Oktober. (W. T. B.) Die bei der Eröffnung
8158 3645 9543 3715 des Reichstages gehaltene Thronrede erklärt, ſie könne in
8159 3698 9543 3766 Folge der gegenwärtigen Lage der Regierung und des Landes
8158 3748 9544 3813 nicht auf jene wichtigen Agenden hinweiſen, welche die Thä⸗
8159 3799 9546 3866 tigkeit des Reichstages in Anſpruch nehmen werden. Im
8159 3851 9544 3918 Gefühle der Wichtigkeit dieſer Agenden wird der Kaiſer Sorge
8158 3896 9546 3969 tragen, daß die Regierung des Landes ſobald als möglich
8160 3954 9549 4018 ſich in der Lage befinde, dieſelben bezeichnen und ver⸗
8160 3999 9550 4071 faſſungsmäßig behandeln zu können. Die Thronrede
8161 4054 9552 4114 lenkt die Aufmerkſamkeit des Parlamentes nur auf zwei
8162 4105 9551 4174 Gegenſtände hin, deren wenigſtens proviſoriſche Erledi⸗
8162 4158 9548 4225 gung in kürzeſter Zeit als nothwendig erſcheine, und zwar
8161 4206 9544 4275 auf die die Wehrkraft betreffende Verfügung und auf die mit
8162 4258 9543 4324 den Königreichen Kroatien und Slavonien abzuſchließende
8162 4309 9546 4377 finanzielle Konvention, da die Wirkſamkeit der betreffenden
8163 4361 9547 4425 beiden Geſetze mit dem Ende des Jahres abläuft. Weiter
8161 4407 9547 4479 heißt es in der Thronrede: Wir haben auf dem Berliner
8161 4459 9550 4530 Kongreſſe bezüglich der Okkupation und der Verwaltung
8162 4515 9551 4574 Bosniens und der Herzegowina ein europäiſches Mandat an⸗
8156 4565 9550 4632 genommen; wir müſſen unſer Bedauern ausdrücken, daß eine
8159 4618 9549 4682 Löſung nicht auf friedlichem Wege bewirkt werden konnte.
8163 4668 9551 4729 Dank der die größte Anerkennung verdienenden Haltung der
8163 4717 9550 4785 tapferen Armee, kann der erſte Theil der Aufgabe als beendet be⸗
8164 4768 9549 4831 trachtet werden. Es gereicht dem Kaiſer zur Beruhigung, bis
8164 4822 9553 4887 dahin, wo der Miniſter des Aeußern den Delegationen eine
8165 4870 9548 4938 eingehende Aufklärung wird geben können, mitzutheilen, daß
8164 4920 9549 4988 das gute Einvernehmen, in welchem wir mit ſämmtlichen
8164 4972 9551 5037 Mächten ſtehen, die Hoffnung geſtattet, daß der rückſtändige
8165 5021 9552 5091 Theil der Aufgabe mit größter Schonung der Opferwilligkeit
8164 5073 9552 5135 der Völker wird effektuirt werden können. Schließlich hofft
8165 5124 9548 5186 und vertraut die Thronrede, daß der Patriotismus, die Weis⸗
8164 5175 9552 5242 heit und die Mäßigung des Parlaments auch während dieſes
8164 5227 9549 5293 Reichstages die Wege und Mittel finden werden, welche zum
8164 5283 9172 5344 Wohle und zum Aufblühen Ungarns dienen.
8257 5327 9551 5388 — 21. Oktober. (W. T. B.) Die liberale Partei
8164 5378 9554 5446 hielt geſtern Abend eine ſehr ſtark beſuchte Konferenz ab,
8163 5428 9554 5502 zu welcher mehr als 200 Abgeordnete erſchienen waren. Mi⸗
8164 5481 9556 5552 niſterpräſident Tisza, bei ſeinem Eintritte mit lebhaften an⸗
8164 5533 9552 5605 dauernden Eijenrufen begrüßt, gab über die auswärtige
8164 5584 9551 5647 Lage ein längeres Expoſé, von welchem die Partei zu⸗
8165 5627 9555 5699 ſtimmend Kenntniß nahm. Ueber die Tisza'ſchen Mitthei⸗
8165 5682 9554 5750 lungen ſoll auf den Wunſch deſſelben Diskretion beobachtet
8163 5731 9556 5799 werden. Am Schluſſe der Sitzung ſchritt man zur Konſtitui⸗
8165 5783 9552 5852 rung der Partei und wurden Gorove zum Präſidenten und
8167 5838 9226 5904 Paul Scontagh zum Vize⸗Präſidenten gewählt.
8257 5885 9552 5950 — (W. T. B.) Die Mehrzahl der Blätter hebt bei
8166 5938 9553 6005 Beſprechung der Thronrede hervor, daß die un⸗
8167 5987 9555 6055 beſtimmte Faſſung derſelben der unbeſtimmten Lage der Dinge
8169 6033 9556 6109 entſpreche. Nach dem „Peſter Lloyd“ ſprach Tisza den Wunſch
8168 6089 9556 6157 aus, daß die Delegationen meritoriſche Beſchlüſſe erſt faſſen
8168 6141 9557 6208 möchten, wenn das Votum des Parlaments in der Okkupations⸗
8169 6191 9554 6260 frage vorliege. Das „Neue Peſter Journal“ bezieht den
8167 6239 9553 6309 Paſſus der Thronrede, in welchem von dem „rückſtändigen
8171 6289 9554 6354 Theile der Aufgabe“ geſprochen wird, auf Novibazar. Der
8171 6338 9554 6410 „Peſter Naplo“ und „Koezvelameny“ bekämpfen die etwaige
8169 6394 9555 6458 Abſicht der Regierung, dem Parlamente Ingerenz auf die aus⸗
8169 6451 8795 6510 wärtige Politik zu entziehen.
3942 4964 4167 5035 Activa:
2989 5044 3423 5086 a. Lombardbeſtände
2983 5086 3399 5134 b. Wechſelbeſtände
2984 5134 3679 5182 c. Conto⸗Corrent⸗Forderungen
3040 5179 3441 5226 (excl. Stück⸗Zinſen)
2982 5272 3535 5316 e. Baare Caſſenbeſtände
3721 5040 4323 5091 bei ℳ 13,675,249. 77. Umſatz
3747 5091 4274 5138 „ „ 15,626,212.88. „
3754 5176 4269 5228 „ „ 16,076,369.74. „
2981 5226 3414 5270 d. Effectenbeſtände
3725 5273 4320 5319 bei ℳ 38,614,380.72. Umſatz
2986 5313 3474 5360 f. Hypothekenbeſtände
2985 5363 3544 5409 g. Sonſtige div. Activa
2980 5536 3376 5585 a. Actien⸗Capital
4365 5040 4420 5090 ℳ
4386 5094 4401 5140 „
4386 5192 4399 5231 „
4390 5231 4401 5275 „
4388 5276 4399 5320 „
4380 5335 4405 5363 „
4375 5374 4403 5412 „
4437 5093 4710 5141 3,320,181.88.
4437 5175 4707 5225 2,266,491.54.
4443 5229 4712 5274 1,103,820.39.
4475 5276 4712 5318 131,541.60.
4469 5319 4712 5362 235,825. — .
4465 5366 4711 5408 142,201.46.
4289 5416 5093 5472 Summa der Activa: ℳ 13,820,152. 76.
3933 5465 4179 5534 Passiva:
2981 5586 3477 5629 b. Banknoten⸗Capital
2982 5631 3340 5675 c. Reſervefonds
2983 5676 3679 5722 d. Darlehnsbeſtände (excl. Stück⸗
3034 5721 3177 5765 zinſen)
2981 5768 3598 5810 e. Conto⸗Corrent⸗Guthaben
2984 5809 3434 5861 f. Depoſitenbeſtände
3728 5714 4315 5768 bei ℳ 8,284,532.64. Umſatz
3746 5771 4261 5812 „ „ 6,304,331.26. „
3744 5814 4265 5861 „ „ 272,153.33. „
4364 5545 4420 5587 ℳ
4376 5591 4402 5635 „
4380 5637 4403 5683 „
4385 5721 4401 5769 „
4380 5773 4398 5815 „
4381 5816 4398 5863 „
4437 5039 4710 5093 6,620,090.89.
4435 5546 4709 5589 6,000,000. — .
4511 5593 4710 5634 9,000. — .
4470 5636 4708 5683 151,414.42.
4439 5718 4710 5771 6,115,059.05.
4439 5770 4711 5814 1,164,729.62.
4460 5817 4709 5862 214,386.88.
3424 5869 4157 5915 Geſammt⸗Umſatz ℳ 98,853,230.34.
4302 5865 5093 5916 Summa der Pasiva ℳ 13,654,589.97.
3701 5921 5093 5975 excl. ℳ 12,052,000. — . Prolongationen im Lombard⸗ und Wechſelverkehr.
4010 5975 4981 6023 Der Verwaltungsrath der Roſtocker Bank.
