10168 7056
796 517 1516 566 Paris, 19. Oktober. (W. T. B.)
797 556 2090 612 Rohzucker ruhig. Nr. 10/13 pr. Oktober pr. 100 Kilogr.
702 602 2090 660 52,50, Nr. 5 ⅞ pr. Oktober pr. 100 Kilogr. 59,50. Weisser
705 647 2092 704 Zucker behauptet, Nr. 3 pr. 100 Kilogr. pr. Oktober 61,00, pr.
706 702 1538 752 November 61,25, pr. Januar-April 62,50.
799 745 1645 795 New-York, 19. Oktober. (W. T. B.)
799 778 2091 835 Waarenbericht. Baumwolle in New-York 10, do. in New-
710 827 2094 889 Orleans 9 ⅝, Petroleum in New-York 9 ½, do. in Philadelphia 9 ¼.
708 873 2092 931 rohes Petroleum 8, do. Pipe line Certificats — D. 81 C. Mehl 3 D.
706 917 2093 972 65 C. Rother Winterweizen 1 D. 02 C. Mais (old mixed) 47 C.
708 960 2094 1024 Zucker (Fair refining Muscovados) 7 ⅜. Kaffee (Rio-) 15 ¼. Schmalz
703 1008 2095 1071 (Marke Wilcox) 7, do. Fairbanks 7. Speck (short clear) 5 ¾ C.
710 1069 1070 1113 Getreidefracht 5 ¾.
805 1140 2101 1201 Berliner Viehmarkt, 21. Oktober. Zum Verkauf
710 1186 2103 1247 standen: 2170 Rinder, 8563 Schweine, 1065 Kälber und 8674 Ham-
2162 491 3555 544 mel. — Das Geschäft in Rindvieh war schlechter als seit langer
2164 535 3557 590 Zeit. Es blieb ein nicht unbedeutender Ueberstand. Bezahlt wurde
2163 578 3559 644 I. a. Qualität mit 57—60 ℳ, II. a. mit 45—48 ℳ und III. a. mit
2164 627 3560 685 36—38 ℳ pro 100 Pfd. Schlachtgewicht. Bei den Schweinen
2165 672 3559 724 war der Handel ein durchaus flauer. Die Preise erfuhren einen
2164 717 3560 776 abermaligen Rückgang. So galten beste Mecklenburger Schweine
2164 760 3561 818 48—49 ℳ, beste Pommern 46—47 ℳ, geringere 44—45 ℳ und
2165 808 3560 865 Russen 42—43 ℳ pro 100 Pfund Schlachtgewicht bei einer Tara von
2165 853 3562 916 20 %, Bakoner wurden durchschnittlich mit 48—50 ℳ bei einer
2167 896 3562 954 Tara von 40—45 Pfd. untergebracht. Das Kälbergeschäft blieb
2167 939 3560 1004 schleppend und die Preise 45—55 ₰ pr. 1 Pfd. Schlachtgewicht.
2168 989 3562 1042 Hammel waren heute zum grössten Theil in recht guter Waare
2170 1033 3560 1089 vertreten. Das Geschäft ging indessen verhältnissmässig schlecht.
2173 1073 3561 1137 Bezahlt wurde je nach Qualität 40—50 ₰ pro 1 Pfd. Schlacht-
2171 1142 2331 1186 gewicht.
3981 478 4670 519 Eisenbahn-Einnahmen.
3724 537 5024 599 Hessische Ludwigs-Eisenbahn-Gesellschaft. Alte Strecke
3633 583 5023 646 (nicht garantirte Linie). Im September 1878 1 075 616 ℳ
3629 629 5023 695 (—90 254 ℳ), bis ult. September 1878 8 211 518 ℳ, (—341 761 ℳ),
3631 674 5023 732 — neue Strecke (garantirte Linie) 148 339 ℳ (— 14 136 ℳ),
3635 723 4760 779 bis ult. September 1878 1 111 754 ℳ (— 110 728 ℳ).
3725 776 5023 830 Schweizerische Centralbahn. Im September cr. 867 000 Frcs.
3634 836 3997 882 (— 90 395 Frcs.).
3728 868 5023 922 Warschau-Bromberger Eisenbahn. Im September cr.
3640 913 5026 969 102 309 Rbl. (+ 8744 Rbl.); seit 1. Jan. 872 460 Rbl.
3635 972 3998 1021 (+ 139 885 Rbl).
3726 1015 5027 1068 Warschau-Wiener Eisenbahn. Im September cr. 527 195 Rbl.
3635 1060 4947 1124 (+ 85 609 Rbl.), seit 1. Jan. 4 378 836 Rbl. (+ 842 714 Rbl.).
3724 1105 5025 1162 Braunschweigische Eisenbahn. Im September cr. 933 878 ℳ
3635 1161 3952 1214 (— 47 495 ℳ).
1049 1322 1419 1375 Theater.
822 1393 1752 1464 Königliche Schauspiele. Dienſtag:
717 1456 1753 1514 Opernhaus. 193. Vorſtellung. Aida. Oper in
716 1502 1752 1553 4 Akten von G. Verdi. Text von Antonio Ghis⸗
716 1549 1753 1602 lanzoni, für die deutſche Bühne bearbeitet von
715 1593 1753 1649 Julius Schanz. Ballet von Paul Taglioni. An⸗
708 1647 953 1696 fang 7 Uhr.
761 1684 1754 1739 Schauſpielhaus. 191. Vorſtellung. Durchs Ohr.
716 1729 1755 1786 Luſtſpiel in 3 Akten von Wilhelm Jordan.
715 1776 1755 1831 Hierauf: Der Vetter. Luſtſpiel in 3 Aufzügen von
716 1825 1336 1877 Benedix. Anfang halb 7 Uhr.
763 1860 1764 1919 Mittwoch: Opernhaus. 194. Vorſtellung. Ekke⸗
718 1912 1756 1974 hard. Oper in 5 Akten. Nach V. von Scheffels
716 1958 1757 2015 gleichnamigem Roman frei bearbeitet. Muſik von
713 2003 1758 2064 J. J. Abert. (Fr. v. Voggenhuber, Frl. Lehmann,
712 2049 1757 2110 Frl. Brandt, Hr. Betz, Hr. Fricke, Hr. W.
710 2100 1235 2152 Müller.) Anfang 7 Uhr.
765 2140 1759 2194 Schauſpielhaus. 192. Vorſtellung. Neu ein⸗
721 2184 1757 2240 ſtudirt: Die Marquiſe von Villette. Original⸗
720 2230 1757 2286 Schauſpiel in 5 Akten von Charlotte Birch⸗
721 2276 1756 2333 Pfeiffer. In Scene geſetzt vom Regiſſeur Deetz.
721 2330 1020 2378 Anfang 7 Uhr.
757 2433 1757 2487 Wallner-Theater. Dienſtag und die folg.
721 2491 1757 2548 Tage: Ihre Familie. Volksſtück mit Geſang in
722 2537 1759 2588 3 Akten von J. Stinde und G. Engels. (Letzte
723 2589 1200 2637 Woche der Aufführung.)
759 2694 1759 2747 Victoria-Theater. Direktion: Emil Hahn.
724 2758 1343 2808 Dienſtag: Z. 32. M.: Uarda.
777 2831 1762 2898 Friedrich-Wilhelmstädtisches Theater.
723 2903 1686 2955 Dienſtag: Zum 300. Male: Die Fledermaus.
772 2947 1760 2997 Mittwoch: Neu einſtudirt und in Scene geſetzt:
725 2994 1486 3046 Die Großherzogin von Gerolſtein.
776 3096 1762 3164 Residenz-Theater. Dienſtag: Z. 15. M.:
730 3166 1762 3213 Die arme Löwin. (Les lionnes pauvres.)
727 3208 1764 3264 Schauſpiel in 5 Aufzügen von Emile Augier, überſetzt
723 3254 1764 3306 und für das Reſidenz⸗Theater bearbeitet von Paul
719 3309 868 3348 Lindau.
761 3399 1766 3450 Krolls Theater. Dienſtag: 22. italieniſche
725 3458 1765 3506 Opernvorſtellung. La Traviata. Violetta:
729 3506 1543 3559 Sigra. Emma Saurel. Anfang 7 Uhr.
765 3601 1768 3653 Woltersdorff-Theater. Dienſtag: Z. 8. M.:
733 3663 1767 3716 Groß' Feuer. Original⸗Volksſtück mit Geſang und
732 3708 1766 3759 Tanz in 4 Akten von Görlitz. Muſik von Steffens.
734 3753 1766 3806 Einlagen des IV. Aktes: Kornblumenlied, komp.
728 3800 1768 3851 von Steffens; Mailied, komp. von Meyerbeer; geſ. von
725 3845 1767 3895 Frl. Theodora Müller. Vom Rhein der Wein,
719 3895 1773 3944 Quartett, komp. vom Chordirektor H. Brandt; vor⸗
727 3936 1767 3984 getr. vom Doppel⸗Quartett des Woltersdorff⸗
726 3982 1769 4032 Theaters. Vorher: Die Zillerthaler. Liederſpiel
732 4029 1632 4077 in 1 Akt nebſt Muſik von J. F. Nesmüller.
776 4074 1768 4123 Mittwoch: Zum 19. Male: Sennora Mata
733 4122 1426 4171 Florida. Vorher: Dr. Peſchke.
767 4216 1769 4269 Stadt-Theater. Dienſtag: Gaſtſpiel des
731 4279 1769 4329 Hrn. Emil Schneider und des Frl. Thea Beeg
732 4324 1771 4372 vom Stadt⸗Theater zu Frankfurt a. M. Bei halben
731 4366 1771 4423 Kaſſenpreiſen. (Parquet 1,50, Logen 2 und 3 ℳ ꝛc.)
727 4415 1769 4461 Flatterſucht. Luſtſpiel in 3 Akten von Sardou.
726 4453 1771 4509 (Nur noch vier Vorſtellungen.) Vorher: Die
734 4507 1637 4554 Schwäbin. Luſtſpiel in 1 Akt von Caſtelli.
778 4554 1426 4600 Mittwoch: Dieſelbe Vorſtellung.
772 4646 1772 4701 National-Theater. (Weinbergs⸗Weg 6/7.)
735 4711 1772 4759 Dienſtag: 3. Gaſtſpiel des Herrn Herrmann
737 4757 1773 4803 Karlowa. Othello. Trauerſpiel in 5 Akten von
733 4803 1518 4851 Shakeſpeare. (Othello: Hr. Karlowa.
804 4907 1774 4961 Ostend-Theater. (Gr. Frankfurterſtr. 130.)
735 4971 1772 5021 Dienſtag: Z. 3. M.: Queckſilber von L. Treptow.
782 5089 1786 5143 Belle-Alliance-Theater. Dienſtag: Zum
739 5153 1775 5201 4. Male: Der Wohlthätigkeitsball. Luſtſpiel
739 5198 1775 5246 in 5 Akten von Georg Horn und L. Ottomeyer.
737 5245 1369 5290 Anf. der Vorſt. täglich 7 ½ Uhr.
781 5282 1780 5341 Mittwoch: Halbe Kaſſenpreiſe. Logen 1 ℳ. 50 ₰,
739 5336 1775 5387 Parquet 1 ℳ — 75 ₰ — 50 ₰, Entrée 30 ₰.
741 5376 1776 5429 Z. 15. M.: Die drei Langhänſe. Luſtſpiel in
737 5420 1777 5477 3 Akten von Fritz Reuter. Vorher: Nur eine
738 5471 1086 5519 einzige Tochter.
773 5515 1777 5563 Donnerſtag: Z. 5. M.: Der Wohlthätigkeits⸗
730 5556 832 5606 ball.
786 5689 1778 5743 Germania-Theater. (Vorſtädtiſches.) Di⸗
738 5750 1779 5800 rektion: Julius Aſcher. Dienſtag: Zum 25. Male:
739 5801 1009 5848 Im Rauſch.
783 5844 1782 5897 Mittwoch und die folgenden Tage: Im Rauſch.
776 5947 1783 6002 Böttcher's instructive Soirée. Königl.
745 6014 1785 6061 Schauſpielhaus. Saaltheater. Täglich Abends 7—9
744 6058 1786 6107 Uhr: 1) Unter⸗Italien. Mal. Reiſe von Malta
744 6104 1785 6153 über Sicilien bis Neapel. Pompejis Unglücks⸗
744 6154 828 6191 tag.
788 6193 1786 6242 2) Die großen Planeten, — die Sonne —
747 6242 1740 6288 n. d. neueſten Beobachtungen und Entdeckungen.
795 6283 1784 6333 3) Soirée fantastique. Farbenmagie.
749 6332 1729 6380 Entrée: Fauteuil 20, Parquet 15, 10 u. 5 Sgr.
794 6376 1585 6424 Kinder zahlen Wochentags die Hälfte.
795 6421 1742 6470 Tages⸗Verkauf: Schauſpielhaus, Südſeite.
798 6513 1786 6571 Concert-Haus. Concert des Königlichen Hof⸗
742 6580 1174 6626 Muſikdirektors Bilſe.
2043 1320 2604 1375 Familien⸗Nachrichten.
1799 1384 2846 1440 Verlobt: Frl. Eugenie Ulbrich mit Hrn. Lehrer
1848 1430 2847 1490 A. Rubach (Potsdam). — Freifräulein Thereſe
1849 1476 2846 1531 v. Eſebeck mit Hrn. Kammerjunker und Premier⸗
1847 1520 2847 1573 Lieutenant Ludwig von Biegeleben (Schloß
1848 1577 2108 1622 Reichenburg).
1801 1612 2848 1667 Verehelicht: Hr. Kreisgerichts⸗Rath Carl Krieger
1853 1652 2849 1707 mit Frl. Helene Pachnio (Domäne Barthen). —
1849 1701 2847 1759 Hr. Premier⸗Lieutenant Otto Lührſen mit Frl.
1847 1743 2848 1805 Anna v. Spangenberg (Rendsburg). — Hr. Kreis⸗
1851 1792 2847 1855 gerichts⸗Rath Carl Wilhelm Cappell mit Frl.
1846 1838 2848 1895 Pauline Boy (Groß⸗Oſchersleben). — Hr. Regie⸗
1852 1883 2849 1943 rungs⸗Aſſeſſor Georg v. Ellerts mit Frl. Marie
1852 1927 2711 1988 Freiin v. Hertling (Lüneburg—Darmſtadt).
1807 1976 2849 2030 Geboren: Ein Sohn: Hrn. Apotheker C. Fromm
1854 2019 2849 2078 (Huſum i. Schl.). — Hrn. Kreisgerichts⸗Rath
1842 2066 2850 2123 Fuiſting (Goldberg). — Hrn. Rittmeiſter und
1850 2112 2859 2170 Escadron⸗Chef Frhrn. v. Maltzahn (Coeslin). —
1855 2158 2853 2211 Eine Tochter: Hrn. Profeſſor Dr. Theodor
1854 2202 2852 2266 Lindner (Münſter i. W.). — Hrn. Zahlmeiſter
1844 2248 2852 2305 Horſt (Hannover). — Hrn. Hauptmann und
1850 2293 2851 2354 Compagnie Chef Heinrich Frhrn. v. Wangenheim
1855 2350 2045 2398 (Stettin).
1810 2379 2852 2445 Geſtorben: Hr. Major Carl Friedrich Leiſter
1857 2424 2852 2492 (Caſſel). — Hr. Oberförſter Carl Traugott Stiebitz
1855 2477 2851 2532 (Forſthaus Ullersdorf bei Radeberg). — Verw.
1855 2521 2853 2580 Frau Hauptmann Erneſtine Jahn, geb. Freiin
1857 2567 2853 2624 v. Strachwitz (Breslau). — Hr. Stadtgerichts⸗
1856 2615 2698 2669 Rath a. D. Julius von Gizycki (Berlin).
1818 2740 2855 2797 Steckbriefe und Unterſuchungs⸗Sachen.
1865 2808 2857 2861 Steckbriefs⸗Erledigung. Der hinter den
1814 2853 2858 2910 Tiſchler Heinrich Juert wegen ſchwerer Urkun⸗
1811 2900 2859 2954 denfälſchung in den Akten J. 163 de 1878 unter dem
1811 2945 2858 2999 4. September d. J. erlaſſene Steckbrief wird hier⸗
1812 2990 2860 3044 durch zurückgenommen. Berlin, den 15. Oktober
1814 3036 2861 3090 1878. Königliches Stadtgericht. Abtheilung für
1814 3081 2860 3137 Unterſuchungsſachen. Kommiſſion II. für Vor⸗
1812 3139 2108 3184 unterſuchungen.
1862 3252 2861 3306 Steckbrief. Gegen den Arbeiter, Steinhauer
1810 3300 2860 3351 auch Müller Louis Carl Alexander Ledermann,
1810 3341 2866 3396 iſt die gerichtliche Haft wegen wiederholter Unter⸗
1810 3383 2868 3448 ſchlagung in den Akten Litt. L. Nr. 467 de 1878
1817 3435 2861 3495 beſchloſſen worden. Die Verhaftung hat nicht aus⸗
1820 3481 2862 3540 geführt werden können. Es wird erſucht, den ꝛc. Le⸗
1818 3526 2865 3578 dermann im Betretungsfalle feſtzunehmen und mit
1819 3573 2863 3624 allen bei ihm ſich vorfindenden Gegenſtänden und
1811 3616 2862 3669 Geldern an die Königliche Stadtvoigtei⸗Direktion
1817 3662 2863 3718 hierſelbſt abzuliefern. Berlin, den 17. Oktober
1819 3708 2863 3760 1878. Königliches Stadtgericht. Abtheilung für
1817 3751 2866 3812 Unterſuchungsſachen. Kommiſſion II. für Vorunter⸗
1820 3799 2862 3854 ſuchungen. Beſchreibung. Alter 46 Jahr, geb.
1818 3845 2861 3894 21. Novbr. 1831. Geburtsort Lüben. Haare blond.
1818 3891 2863 3946 Augen blau. Geſichtsbildung oval. Geſtalt mittel,
1816 3937 2864 3992 unterſetzt. Beſondere Kennzeichen Schnittnarben an
1816 3983 2865 4035 der Stirn, an einem Ohrläppchen und an der
1817 4038 2003 4078 Kinnlade.
1868 4155 2865 4204 Steckbriefs⸗Erneuerung. Der hinter dem
1822 4199 2865 4253 früheren Gutsadminiſtrator Guſtav Graßhoff,
1817 4243 2872 4291 früher in Modlau, Kreis Glogau, zuletzt in Kuners⸗
1818 4291 2865 4345 dorf, Kreis Hirſchberg, unterm 30. Auguſt 1872 er⸗
1821 4337 2866 4389 laſſene, unterm 21. Dezember 1873, 23. Dezember
1821 4382 2867 4433 1875 und 28. September 1877 erneuerte Steckbrief
1819 4429 2866 4479 wird hiermit wiederholt erneuert. Glogau, den
1821 4474 2865 4524 16. Oktober 1878. Königliches Kreisgericht. I. Ab⸗
1817 4528 1986 4573 theilung.
1897 4645 2787 4700 Subhaſtationen, Aufgebote, Vor⸗
2103 4700 2577 4752 ladungen u. dergl.
1823 4777 1943 4823 [8776]
2122 4773 2570 4851 Bekanntmachung.
1872 4851 2867 4900 Das zu Cummerow im Regenwalder Kreiſe
1826 4897 2866 4948 belegene, dem Grafen Hans Gottfried Georg von
1825 4943 2866 4992 Bülow gehörige, im Grundbuche von Cummerow
1824 4988 2866 5038 Band I., Blatt 37 verzeichnete Grundſtück, be⸗
1825 5034 2867 5083 ſtehend aus Holz, Acker und Wieſe von 1 Hektar
1826 5080 2867 5129 14,90 Ar mit 3,66 Thlr. Reinertrag, iſt im Wege
1823 5125 2868 5175 der Zwangsvollſtreckung zur nothwendigen Sub⸗
1826 5174 2205 5220 haſtation geſtellt.
1873 5217 2869 5264 Da auf dieſem Grundſtücke ein Vorbehalt der
1824 5263 2867 5310 Rechte der von der Oſtenſchen Lehnsagnaten einge⸗
1824 5308 2868 5359 tragen iſt, ſo werden folgende in dem Lehns⸗ und
1825 5353 2868 5402 Succeſſionsregiſter des Geſchlechtes von der Oſten
1826 5399 2869 5449 eingetra ene, ihrem Aufenthalte nach unbekannte
1825 5446 2018 5499 Perſonen:
1907 5489 2868 5545 1) Gerhard Victor Burchard v. d. Oſten, geb.
1966 5535 2869 5583 den 21. Juli 1834, Sohn des Gutsbeſitzers
1967 5581 2599 5630 Friedrich Viktor Carl Heinrich,
1906 5626 2870 5674 2) der Oberſt Wilhelm Georg Ludwig v. d. Oſten
1966 5674 2179 5720 zu London,
1907 5716 2870 5766 3) der frühere Hauptmann und Compagnie⸗
1971 5761 2872 5809 Chef im 2. Infanterie⸗ (Königs⸗) Regiment
1968 5808 2878 5853 Heinrich Friedrich Auguſt v. d. Oſten zu
1961 5855 2126 5899 Stettin,
1909 5897 2871 5948 4) der Carl Heinrich Richard v. d. Oſten, geb.
1970 5945 2372 5990 den 16. April 1850,
1915 5986 2870 6038 5) der Carl Friedrich Dynies v. d. Oſten, geb.
1970 6035 2373 6080 den 16. April 1852,
2044 6080 2873 6124 ad 4 und 5 Söhne des verſtorbenen
2044 6125 2873 6171 Premier⸗Lieutenants im 14. Infanterie⸗
2039 6168 2874 6218 Regiment Ferdinand Hermann Anton
2046 6216 2560 6262 v. d. Oſten zu Bromberg,
1914 6260 2874 6308 6) der Hans Otto Maximilian v. d. Oſten,
1979 6305 2455 6353 geb. den 13. Juli 1841,
1913 6350 2874 6400 7) der Dinjes Heinrich Otto Paul v. d. Oſten,
1979 6397 2480 6444 geb. den 24. März 1844,
2048 6441 2877 6486 ad 6 und 7 Söhne des verſtorbenen
2046 6486 2809 6533 Juſtiz⸗Rathes Carl Otto v. d. Oſten,
1914 6532 2877 6581 8) der Fritz Curt v. d. Oſten, geb. den
1976 6577 2395 6624 13. September 1862,
2974 1290 3944 1347 9) der Otto Henning v. d. Oſten, geb. den
3037 1342 3397 1385 15. Oktober 1863,
2951 1382 3944 1436 10) der Friedrich Burchard v. d. Oſten, geb. den
3035 1434 3335 1477 22. Mai 1865,
3105 1472 3942 1520 ad 8—10 Söhne des Gerhard Victor
3105 1519 3777 1568 Burchard v. d. Oſten sub Nr. 1,
2956 1563 3943 1617 11) der Otto Julius Fritz v. d. Oſten, geb. den
3028 1613 3355 1660 24. März 1849,
2954 1654 3943 1709 12) der Ernſt Franz v. d. Oſten, geb. den 11.
3034 1707 3260 1752 Juli 1852,
2955 1743 3943 1801 13) der Georg Heinrich Wedig v. d. Oſten, geb.
3036 1795 3431 1838 den 26. Juni 1856,
3104 1835 3945 1884 ad 11—13 Söhne des Gutsbeſitzers George
3105 1876 3949 1938 Julius v. d. Oſten auf Lucknitz bei Baer⸗
3105 1934 3462 1974 walde in Pomm.,
2956 1972 3945 2029 14) der Friedrich Wilhelm Carl Erich v. d. Oſten,
3037 2020 3618 2074 geb. den 21. Dezember 1852,
3110 2062 3946 2114 Sohn des Oberſten Eduard v. d. Oſten
3107 2116 3321 2163 zu Berlin,
2902 2161 3370 2210 vorgeladen, im Termin,
3008 2199 3851 2254 den 8. März 1879, Mittags 12 Uhr,
2901 2244 3947 2301 in unſerm Terminszimmer Nr. 1, über die Aus⸗
2900 2290 3950 2347 übung ihrer Lehnsrechte ſich zu erklären, widrigen⸗
2900 2335 3949 2392 falls ſie mit allen ihren Lehnsrechten auf gedachte
2899 2381 3950 2436 Beſitzung zu ewigem Stillſchweigen werden verwieſen
2898 2447 3040 2477 werden.
2949 2474 3949 2523 Alle unbekannten Realprätendenten werden zu
2898 2518 3948 2575 dieſem Termine unter der Verwarnung mitvorgeladen,
2900 2564 3950 2620 daß ſie bei ihrem Ausbleiben Alles wider ſich gelten
2903 2610 3949 2666 laſſen müſſen, was von den bekannten Realpräten⸗
2903 2656 3816 2706 denten mit den Betheiligten verhandelt wird.
2952 2701 3949 2759 Greifenberg in Pomm., den 10. Oktober 1878.
3179 2748 3672 2795 Königliches Kreisgericht.
3154 2795 3707 2843 Der Subhaſtations⸗Richter.
2911 2906 3033 2952 [8777]
3209 2899 3661 2976 Bekanntmachung.
2955 2974 3953 3026 Die am 19. März 1870 vom Repräſentanten
2907 3019 3954 3074 Klauſa ausgefertigten Kuxſcheine über die im
2908 3065 3953 3120 Gewerkenbuche unter Nr. 991 bis 1000 für
2907 3113 3955 3168 Fräulein Eliſe Schmiedel zu Nimptſch eingetragenen
2912 3156 3955 3213 10 Kuxe des in 1000 bewegliche Kuxe getheilten
2908 3202 3956 3257 Steinkohlenbergwerks „Konſolidirte Wanda“ bei
2907 3247 3955 3304 Brezinka, Kreis Kattowitz, in Oberſchleſien ſind
2908 3307 3271 3349 verloren gegangen.
2955 3340 3956 3391 Alle unbekannten Inhaher dieſer Kuxſcheine wer⸗
2907 3387 3958 3440 den hierdurch aufgefordert, innerhalb 3 Monaten
2912 3430 3957 3487 und ſpäteſtens in dem am 15. Januar 1879,
2909 3473 3961 3536 Vormittags 10 Uhr, vor dem Herrn Kreis⸗
2910 3518 3958 3580 gerichts⸗Rath Franz im Dirigentenzimmer anſtehen⸗
2913 3568 3958 3619 den Termine dieſelben dem Gerichte vorzulegen,
2911 3614 3958 3668 widrigenfalls ſie für kraftlos werden erklärt werden.
2959 3662 3677 3714 Myslowitz, den 11. Oktober 1878.
3063 3707 3791 3758 Königliche Kreisgerichts⸗Deputation.
3094 3811 3772 3863 Verkäufe, Verpachtungen,
3215 3863 3654 3913 Submiſſionen ꝛc.
2912 3930 3036 3977 [8775]
3215 3927 3663 4003 Bekanntmachung.
2961 4003 3958 4072 Die Domaine Jacobsdorf im Kreiſe Saatzig
2913 4080 3958 4131 wird von Johannis 1879 an auf 18 Jahre im
2912 4127 3957 4182 Wege des öffentlichen Meiſtgebots verpachtet werden.
2913 4173 3959 4223 Die Domaine hat ein Areal von 335,119 Hektaren
2912 4220 3959 4269 mit einem Grundſteuer⸗Reinertrag von 960,15
2913 4272 3056 4316 Thaler.
2961 4310 3957 4363 Wegen des Verpachtungstermins, des Pachtgelder⸗
2914 4357 3960 4404 minimums und des zur Uebernahme der Pachtung
2915 4402 3959 4454 erforderlichen Vermögens wird eine beſondere Be⸗
2914 4451 3372 4498 kanntmachung erfolgen.
2964 4495 3612 4543 Stettin, den 17. Oktober 1878.
3184 4541 3681 4589 Königliche Regierung.
2943 4583 3924 4636 Abtheilung für direkte Steuern, Domainen
3299 4632 3579 4679 und Forſten.
3364 4678 3514 4722 Trieſt.
2913 4784 3041 4830 [8774]
3214 4783 3663 4856 Bekanntmachung.
2961 4860 3961 4935 Die Domäne Rabenſtein im Kreiſe Saatzig
2914 4936 3961 4983 mit den Vorwerken Robenthal, Alteheide und
2908 4983 3961 5030 Lenzhof wird von Johannis 1879 an auf 18 Jahre
2914 5029 3962 5078 im Wege des öffentlichen Meiſtgebots verpachtet
2912 5088 3054 5118 werden.
2965 5118 3961 5166 Die Domäne hat eine Brennerei und enthält
2915 5165 3959 5214 852,853 Hektar Areal mit einem Grundſteuer⸗Rein⸗
2916 5211 3960 5260 ertrage von 3242,31 Thaler. Wegen des Verpach⸗
2916 5256 3961 5306 tungstermins, des Pachtgelderminimums und des zur
2925 5302 3961 5350 Uebernahme der Pachtung erforderlichen Vermögens
2915 5347 3840 5395 wird eine beſondere Bekanntmachung erfolgen.
2967 5394 3611 5440 Stettin, den 17. Oktober 1878.
3192 5439 3687 5487 Königliche Regierung.
2917 5482 3960 5533 Abtheilung für direkte Steuern, Domänen
3291 5530 3587 5577 und Forſten.
3365 5575 3516 5620 Trieſt.
2916 5669 3040 5716 [8727]
2965 5706 3964 5763 Die Lieferung der Maurer⸗ und Zimmermateria⸗
2916 5751 3968 5803 lien, ſowie die Ausführung der Maurer⸗, Steinmetz⸗,
2919 5800 3964 5855 Zimmer⸗, Dachdecker⸗, Tiſchler⸗, Schloſſer⸗ und
2920 5847 3963 5895 Schmiede⸗, Glaſer⸗, Anſtreicher⸗, Klempner⸗ und
2922 5891 3963 5942 Steinſetzer⸗Arbeiten zum Neubau eines Materialien⸗
2918 5936 3964 5986 Magazins auf dem Eiswerder bei Spandau ſoll in
2920 5982 3964 6037 öffentlicher Submiſſion vergeben werden. Hierzu
2920 6027 3964 6076 iſt ein Termin auf Dienſtag, den 5. November cr.,
2920 6072 3966 6123 Vormittags 11 Uhr, im Direktionsbureau auf
2919 6121 3462 6162 dem Eiswerder anberaumt.
2969 6162 3965 6211 Mit entſprechender Aufſchrift verſehene Offerten
2923 6208 3966 6260 ſind poſtmäßig verſchloſſen und portofrei bis zu der
2921 6254 3965 6306 genannten Terminsſtunde an die unterzeichnete Di⸗
2922 6303 3316 6348 rektion einzureichen.
2971 6345 3966 6394 Bedingungen, Anſchläge und Zeichnungen liegen
2922 6392 3966 6438 während der Dienſtſtunden in dem genannten
2923 6435 3969 6484 Bureau zur Einſicht aus. (à Cto. 184/10.)
2973 6483 3659 6528 Spandau, den 16. Oktober 1878.
2973 6526 3921 6576 Direktion des Feuerwerks⸗Laboratoriums.
3989 1288 4115 1332 [8773]
4171 1275 4855 1330 Frankfurt⸗Bebraer Eiſenbahn.
4040 1317 5030 1376 Auf hieſigem Werkſtätteho lagern an alten Ma⸗
3991 1379 4169 1418 terialien:
4038 1413 4562 1473 20 000 kg Bandagenſtahl,
4040 1458 4787 1515 50 000 kg Walz⸗ und Schmiedeeiſen,
4038 1510 4444 1555 30 000 kg Eiſenguß,
4038 1553 4505 1603 50 000 kg Eiſenſpähne,
4097 1601 4500 1649 500 kg Glasabfälle,
4098 1647 4489 1696 200 kg Legirmetall,
4100 1689 4536 1741 500 kg Metallſpähne,
4063 1735 4522 1791 3 000 kg Stahlabfälle,
4042 1775 4883 1833 15 000 kg Gußſtahl in Lokomotiv⸗Achſen,
4100 1824 5001 1877 200 kg Plüſch⸗, Tuch⸗ und Leinenabfälle ꝛc.,
4099 1877 4358 1923 400 kg Zink.
4041 1913 5033 1969 Dieſelben ſollen im Wege öffentlicher Submiſſion
3995 1966 4698 2013 verkauft werden, wozu Termin auf
4102 2006 4946 2056 29. Oktober cr., Vormittags 10 Uhr,
3995 2055 4686 2101 in meinem Bureau anberaumt iſt.
4042 2096 5035 2151 Offerten mit Aufſchrift: „Submiſſion auf An⸗
3997 2142 5036 2198 kauf alter Materialien“ werden bis dahin unter
3997 2196 4450 2240 meiner Adreſſe erbeten.
4045 2232 5037 2288 Die Verkaufsbedingungen liegen auf dem Bureau
3996 2278 5036 2331 der Werkſtätte⸗Materialien⸗Verwaltung in Fulda
3997 2324 5037 2381 zur Einſicht aus, können auch von derſelben auf
3996 2372 4948 2428 portofreie Anfrage unentgeldlich bezogen werdn.
4044 2421 4661 2473 Fulda, den 16. Oktober 1878.
4278 2466 4761 2515 Maſchinenmeiſterei I.
4405 2516 4640 2552 Fischer.
4003 2622 4127 2666 [8780]
4239 2614 4765 2664 Weſtfäliſche Eiſenbahn.
4047 2656 5038 2711 Die auf den Bahnhöfen Northeim, Moringen,
4003 2702 5038 2759 Hardegſen, Uslar, Bodenfelde und Wehrden lagern⸗
4000 2748 5039 2802 den, beim Bau der Strecke Ottbergen⸗Northeim zu
4003 2793 5040 2849 Fördergeleiſen benutzten alten Schienen ſollen im
4001 2841 4984 2895 Wege der öffentlichen Lizitation verkauft werden.
4050 2885 5040 2938 Die Verkaufs⸗Bedingungen liegen in unſerem
4004 2931 5040 2982 Central⸗Bureau und auf den Stationen Warburg,
4003 2976 5041 3033 Paderborn, Soeſt, Hamm, Münſter, Rheine, Leer
4002 3023 5042 3076 und Emden zur Einſicht aus, werden auch auf
4002 3068 5042 3124 frankirte, an unſeren Bureau⸗Vorſteher von Gries⸗
4005 3114 5042 3168 bach hier zu richtende Schreiben gegen Einſendung
4008 3168 4438 3212 von 1 ℳ mitgetheilt.
4053 3205 5044 3260 Offerten ſind verſchloſſen und mit der Auſſchrift
4007 3252 5042 3309 „Submiſſion auf Ankauf alter Schienen der
4005 3300 5043 3352 Strecke Ottbergen⸗Northeim“ bis zu dem am
4005 3344 5042 3397 11. November cr., Vormittags 11 Uhr, in
4008 3390 5044 3445 unſerem Central⸗Bureau hier anſtehenden Termine,
4006 3437 5044 3488 in welchem dieſelben in Gegenwart der etwa er⸗
4006 3482 5044 3536 ſchienenen Bieter eröffnet werden, portofrei an uns
4007 3536 4235 3581 einzuſenden.
4055 3576 4723 3624 Münſter, den 15. Oktober 1878.
4169 3615 4881 3675 Königliche Eiſenbahn⸗Direktion.
4008 3729 4129 3775 [8781]
4272 3723 4792 3769 Weſtfäliſche Eiſenbahn.
4125 3767 4928 3818 Neubauſtrecke Dortmund⸗Sterkrade.
4055 3820 4419 3863 Die Lieferung von
4145 3860 4852 3908 2000 Stück eichenen Querſchwellen,
4145 3902 5045 3955 2598 laufenden Metern eichene Weichenhölzer
4005 3950 5047 4004 ſoll im Wege öffentlicher Submiſſion verdungen
4004 3994 5046 4047 werden. Die Anerbieten ſind portofrei, verſiegelt
4005 4035 5049 4096 und mit entſprechender Aufſchrift verſehen bis Frei⸗
4005 4086 5045 4141 tag, den 15. November cur., Vormittags
4008 4137 4601 4184 11 Uhr, an uns einzureichen.
4055 4176 5046 4232 Bezügliche Bedingungen und Preisverzeichniß
4006 4222 5047 4277 können gegen Einſendung von 1 ℳ von unſerm
4008 4267 5047 4320 Bureauvorſteher v. Griesbach bezogen werden, bei
4008 4316 4981 4368 welchem dieſelben auch zur Einſicht offen liegen.
4056 4364 4727 4412 Münſter, den 16. Oktober 1878.
4171 4407 4884 4461 Königliche Eiſenbahn⸗Direktion.
4010 4530 4129 4575 [8783]
4067 4565 5049 4617 Auf die Aktien der Aktien⸗Geſellſchaft für
4020 4612 5049 4667 Fabrikation von Eiſenbahnbedarf in Liqui⸗
4010 4659 5049 4707 dation wird eine fernere Abſchlagszahlung von
4012 4704 5049 4755 10 % per Aktie = 60 ℳ geleiſtet und findet die
4009 4756 4341 4801 Auszahlung vom
4253 4798 4808 4863 1. November cr. ab
4219 4875 4849 4924 von 9—12 Uhr Vormittags
4008 4925 4528 4971 durch die Couponkaſſe der
4129 4966 4955 5051 Berliner Handels⸗Geſellſchaft,
4284 5048 4771 5097 Franzöſiſcheſtraße 42,
4002 5092 4106 5145 ſtatt.
4057 5135 5049 5186 Den einzuliefernden und abzuſtempelnden Aktien
4009 5182 5051 5235 iſt ein nach der Nummerfolge geordnetes Nummern⸗
4010 5227 5050 5278 Verzeichniß in duplo beizufügen. Die betreffenden
4004 5273 5050 5325 Formulare können vorher an der oben bezeichneten
4010 5319 5007 5372 Auszahlungsſtelle in Empfang genommen werden.
4062 5367 4696 5414 Berlin, den 21. Oktober 1878.
4016 5403 5056 5465 Die Liquidations⸗Kommiſſion der Aktien⸗
4014 5454 5051 5507 Geſellſchaft für Fabrikation von Eiſenbahn⸗
4435 5494 5052 5551 Bedarf. (á Cto. 214/10.)
4131 5545 4942 5596 von Unruh. Winterfeldt. Seifert.
4064 5647 5051 5699 Die Kreisthierarztſtelle des Kreiſes Schroda
4012 5690 5055 5748 mit einem jährlichen Gehalte von 600 ℳ und einer
4011 5739 5052 5786 Remuneration von 450 ℳ jährlich aus Kreis⸗
4012 5784 5052 5835 kommunalfonds iſt erledigt. Qualifizirte Bewerber
4011 5829 5052 5876 wollen ſich unter Einreichung ihrer Zeugniſſe und
4012 5875 5051 5926 ihres Lebenslaufs innerhalb 6 Wochen bei uns
4013 5918 5053 5972 melden. Poſen, den 3. Oktober 1878. Königliche
4012 5966 4854 6018 Regierung. Abtheilung des Innern.
4012 6085 4134 6131 [8784]
4056 6121 5007 6208 Das neue Sozialiſtengeſetz.
4012 6252 5052 6297 Gesetz gegen die gemeingefährlichen Bestre-
4015 6290 5053 6343 bungen der Sozialdemokratie. Ergänzt
4014 6339 5052 6380 und erläutert durch die amtlichen Materia-
4014 6383 5052 6429 lien von R. Höinghaus. Mit Anhang: Ge-
4014 6428 5051 6475 nossenschafts- und Hülfskassengesetze. 120 Seiten.
4015 6471 5053 6516 Soeben erschienen und für 1 Mark in allen Buch-
4014 6519 5053 6567 handlungen zu haben. Verlagsbuchhandlung von
4019 6562 5003 6612 Gustav Hempel in Berlin W., Behrenstr. 56.
5982 456 8702 680 Deutſcher Reichs⸗Anzeiger
7279 790 7399 872 und
5332 986 9363 1244 Königlich Preußiſcher Staats⸗Anzeiger.
5738 1376 6535 1423 Das Abonnement beträgt 4 ℳ 50 ₰
5931 1435 6339 1482 für das Vierteljahr.
5584 1488 6688 1545 Inſertionspreis für den Raum einer Druckzeile 30 ₰
8117 1348 8999 1399 Alle Poſt-Anſtalten nehmen Beſtellung an;
8015 1403 9111 1457 für Berlin außer den Poſt-Anſtalten auch die Expe-
8206 1461 8920 1508 dition: SW. Wilhelmſtr. Nr. 32.
5198 1648 5614 1732 No. 249.
6546 1634 7116 1717 Berlin, Dienſtag,
7609 1616 8402 1694 den 22. Oktober, Abends.
9200 1597 9505 1676 1878.
5261 1876 6538 1938 Se. Majeſtät der König haben Allergnädigſt geruht:
5309 1938 6587 2001 dem ſeitherigen 1. Sekretär bei der franzöſiſchen Bot⸗
5205 1989 6590 2058 ſchaft in Berlin, Victor Tiby, den Rothen Adler⸗Orden
5205 2039 6592 2110 zweiter Klaſſe; dem ſeitherigen Legations⸗Sekretär bei der
5207 2087 6592 2157 Königlich ſchwediſchen Geſandtſchaft in Berlin, Kammerherrn
5207 2143 6592 2204 von Bildt, den Rothen Adler⸗Orden dritter Klaſſe; dem
5206 2188 6593 2259 Königlich ſchwediſchen Premier⸗Lieutenant Lilliehöök,
5207 2241 6596 2309 Ordonnanz⸗Offizier Sr. Königlichen Hoheit des Kronprinzen
5208 2296 6591 2360 von Schweden und Norwegen, und dem Attaché im Königlich
5207 2342 6595 2415 ſpaniſchen Miniſterium der Auswärtigen Angelegenheiten,
5210 2398 6599 2459 Don Emmanuel Garcia Jove, den Rothen Adler⸗Orden
5211 2448 6600 2521 vierter Klaſſe; dem ſeitherigen 2. Sekretär bei der franzöſi⸗
5209 2501 6600 2571 ſchen Botſchaft in Berlin, Le Peletier Comte d'Aunay,
5213 2552 6599 2615 und dem Königlich ſächſiſchen Hofrath Dr. phil. Gräſſe zu
5210 2603 6600 2665 Dresden den Königlichen Kronen⸗Orden dritter Klaſſe; ſowie
5213 2654 6601 2717 dem Stations⸗Chef der ſpaniſchen Nordbahn, Karl von Car⸗
5212 2706 6600 2770 dona y Azcoaga zu Madrid, den Königlichen Kronen⸗
5215 2765 5968 2819 Orden vierter Klaſſe zu verleihen.
5266 2881 6540 2942 Se. Majeſtät der König haben Allergnädigſt geruht:
5318 2943 6599 2998 dem Kreisgerichts⸗Rath Hender zu Templin, dem Haupt⸗
5217 2993 6600 3054 Steueramts⸗Rendanten, Rechnungs⸗Rath Fechner zu Uer⸗
5215 3040 6604 3110 dingen im Kreiſe Crefeld und dem Regierungs⸗Sekretär
5212 3095 6600 3161 Graf zu Merſeburg den Rothen Adler⸗Orden vierter Klaſſe;
5217 3146 6603 3211 dem Schullehrer und Kantor Zänker zu Dobrilugk im
5217 3199 6606 3256 Kreiſe Luckau den Adler der Inhaber des Königlichen Haus⸗
5217 3249 6605 3308 Ordens von Hohenzollern; ſowie dem Kaſſendiener Chriſtian
5219 3301 6601 3368 Friedrich Einicke zu Merſeburg das Allgemeine Ehren⸗
5214 3362 5654 3418 zeichen zu verleihen.
5556 3551 6276 3604 Deutſches Reich.
5326 3619 6608 3683 Se. Majeſtät der Kaiſer und König haben im
5219 3671 6611 3732 Namen des Reichs den Kaufmann Fritz Laporte an Stelle
5221 3723 6612 3784 des auf ſeinen Antrag aus dem Konſulatsdienſt entlaſſenen
5222 3775 6476 3842 Chr. Rettberg zum Konſul in Bahia (Braſilien); und
5333 3826 6615 3891 den Agenten Ignaz Fürth an Stelle des auf ſeinen
5223 3876 6615 3936 Antrag aus dem Konſulatsdienſt entlaſſenen W. P. Maal
5224 3924 6562 3996 zum Vizekonſul in Colon (Columbien) zu ernennen geruht.
5328 4049 6609 4111 Dem Grafen de Ligniville iſt Namens des Reichs das
5222 4102 6611 4166 Exequatur als franzöſiſcher Konſul, mit dem Sitz in Bremen,
5223 4165 5570 4216 ertheilt worden.
5806 4278 6033 4329 Geſetz
5224 4323 6619 4390 gegen die gemeingefährlichen Beſtrebungen der
5669 4387 6173 4450 Sozialdemokratie.
5622 4454 6220 4501 Vom 21. Oktober 1878.
5335 4513 6616 4571 Wir Wilhelm, von Gottes Gnaden Deutſcher Kaiſer,
5392 4572 5912 4630 König von Preußen ꝛc.
5229 4616 6616 4672 verordnen im Namen des Reichs, nach erfolgter Zuſtimmung
5234 4669 6336 4725 des Bundesraths und des Reichstags, was folgt:
5339 4717 6616 4779 §. 1. Vereine, welche durch ſozialdemokratiſche, ſozialiſtiſche
5228 4770 6613 4830 oder kommuniſtiſche Beſtrebungen den Umſturz der beſtehenden
5225 4821 6612 4879 Staats⸗ oder Geſellſchaftsordnung bezwecken, ſind zu ver⸗
5229 4882 5367 4927 bieten.
5337 4921 6617 4985 Daſſelbe gilt von Vereinen, in welchen ſozialdemokratiſche,
5228 4974 6617 5038 ſozialiſtiſche oder kommuniſtiſche auf den Umſturz der be⸗
5233 5020 6618 5088 ſtehenden Staats⸗ oder Geſellſchaftsordnung gerichtete Be⸗
5230 5075 6616 5139 ſtrebungen in einer den öffentlichen Frieden, insbeſondere die
5235 5127 6620 5187 Eintracht der Bevölkerungsklaſſen gefährdenden Weiſe zu Tage
5236 5191 5367 5235 treten.
5341 5229 6509 5289 Den Vereinen ſtehen gleich Verbindungen jeder Art.
5342 5280 6622 5341 §. 2. Auf eingetragene Genoſſenſchaften findet im Falle
5236 5331 6621 5402 des §. 1 Abſ. 2 der §. 35 des Geſetzes vom 4. Juli 1868,
5236 5382 6623 5440 betreffend die privatrechtliche Stellung der Erwerbs⸗ und
5227 5432 6625 5496 Wirthſchafts⸗Genoſſenſchaften (B.⸗G.⸗Bl. S. 415 ff.) An⸗
5232 5506 5439 5540 wendung.
5341 5531 6621 5598 Auf eingeſchriebene Hülfskaſſen findet im gleichen Falle
5238 5587 6621 5647 der §. 29 des Geſetzes über die eingeſchriebenen Hülfskaſſen
5232 5640 6498 5700 vom 7. April 1876 (R.⸗G.⸗Bl. S. 125 ff.) Anwendung.
5344 5689 6628 5749 §. 3. Selbſtändige Kaſſenvereine (nicht eingeſchriebene),
5233 5739 6626 5806 welche nach ihren Statuten die gegenſeitige Unterſtützung ihrer
5234 5786 6628 5846 Mitglieder bezwecken, ſind im Falle des §. 1 Abſatz 2 zunächſt
5236 5838 6626 5905 nicht zu verbieten, ſondern unter eine außerordentliche ſtaatliche
5235 5902 5656 5955 Kontrole zu ſtellen.
5345 5944 6625 6005 Sind mehrere ſelbſtändige Vereine der vorgedachten Art
5231 5995 6634 6055 zu einem Verbande vereinigt, ſo kann, wenn in einem der⸗
5234 6042 6629 6103 ſelben die im §. 1 Abſ. 2 bezeichneten Beſtrebungen zu Tage
5238 6097 6629 6160 treten, die Ausſcheidung dieſes Vereins aus dem Verbande
5239 6149 6417 6202 und die Kontrole über denſelben angeordnet werden.
5337 6198 6628 6264 In gleicher Weiſe iſt, wenn die bezeichneten Beſtrebungen
5242 6249 6629 6312 in einem Zweigvereine zu Tage treten, die Kontrole auf dieſen
5234 6310 5562 6363 zu beſchränken.
5348 6350 6631 6411 §. 4. Die mit der Kontrole betraute Behörde iſt
5240 6403 5398 6465 befugt:
5385 6453 6628 6518 1) allen Sitzungen und Verſammlungen des Vereins
5448 6509 5744 6570 beizuwohnen;
5383 6553 6627 6617 2) Generalverſammlungen einzuberufen und zu leiten;
6802 1849 8058 1921 3) die Bücher, Schriften und Kaſſenbeſtände einzuſehen,
6872 1907 8055 1972 ſowie Auskunft über die Verhältniſſe des Vereins zu
6872 1967 7098 2020 erfordern;
6802 2007 8056 2075 4) die Ausführung von Beſchlüſſen, welche zur Förde⸗
6875 2059 8056 2123 rung der im §. 1 Abſ. 2 bezeichneten Beſtrebungen
6874 2119 7522 2176 geeignet ſind, zu unterſagen;
6806 2161 8055 2228 5) mit der Wahrnehmung der Obliegenheiten des Vor⸗
6876 2213 8054 2274 ſtandes oder anderer leitender Organe des Vereins
6881 2267 7606 2329 geeignete Perſonen zu betrauen;
6808 2316 8056 2382 6) die Kaſſen in Verwahrung und Verwaltung zu
6875 2376 7045 2436 nehmen.
6772 2428 8055 2493 §. 5. Wird durch die Generalverſammlung, durch den
6669 2475 8057 2544 Vorſtand oder durch ein anderes leitendes Organ des Vereins
6669 2530 8059 2592 den von der Kontrolbehörde innerhalb ihrer Befugniſſe er⸗
6669 2576 8059 2649 laſſenen Anordnungen zuwidergehandelt oder treten in dem
6669 2630 8060 2694 Vereine die im §. 1 Abſ. 2 bezeichneten Beſtrebungen auch
6670 2678 8060 2751 nach Einleitung der Kontrole zu Tage, ſo kann der Verein
6670 2750 7040 2795 verboten werden.
6775 2788 8063 2852 §. 6. Zuſtändig für das Verbot und die Anordnung der
6671 2838 8064 2903 Kontrole iſt die Landespolizeibehörde. Das Verbot ausländi⸗
6671 2895 7580 2957 ſcher Vereine ſteht dem Reichskanzler zu.
6775 2940 8065 3001 Das Verbot iſt in allen Fällen durch den „Reichs⸗Anzeiger“,
6672 2992 8064 3052 das von der Landespolizeibehörde erlaſſene Verbot überdies
6673 3043 8062 3111 durch das für amtliche Bekanntmachungen der Behörde be⸗
6674 3094 8063 3162 ſtimmte Blatt des Ortes oder des Bezirkes bekannt zu machen.
6778 3145 8064 3204 Das Verbot iſt für das ganze Bundesgebiet wirkſam und
6675 3191 8065 3264 umfaßt alle Verzweigungen des Vereins, ſowie jeden vorgeblich
6675 3249 7924 3311 neuen Verein, welcher ſachlich als der alte ſich darſtellt.
6785 3299 8071 3363 §. 7. Auf Grund des Verbots ſind die Vereinskaſſe,
6677 3351 8069 3417 ſowie alle für Zwecke des Vereins beſtimmte Gegenſtände durch
6675 3407 7494 3465 die Behörde in Beſchlag zu nehmen.
6780 3451 8071 3519 Nachdem das Verbot endgültig geworden iſt, hat die von
6680 3503 8072 3564 der Landespolizeibehörde zu bezeichnende Verwaltungsbehörde
6681 3554 8074 3614 die Abwickelung der Geſchäfte des Vereins (Liquidation) ge⸗
6681 3604 8072 3669 eigneten Perſonen zu übertragen und zu überwachen, auch
6681 3659 7767 3715 die Namen der Liquidatoren bekannt zu machen.
6785 3711 8073 3763 An die Stelle des in den Geſetzen oder Statuten vorge⸗
6683 3754 8072 3824 ſehenen Beſchluſſes der Generalverſammlung tritt der Beſchluß
6683 3818 7231 3867 der Verwaltungsbehörde.
6788 3860 8071 3922 Das liquidirte Vereinsvermögen iſt, unbeſchadet der
6688 3907 8076 3976 Rechtsanſprüche Dritter und der Vereinsmitglieder, nach Maß⸗
6685 3963 8077 4029 gabe der Vereinsſtatuten beziehungsweiſe der allgemeinen
6687 4020 7588 4081 geſetzlichen Beſtimmungen zu verwenden.
6790 4065 8080 4129 Der Zeitpunkt, in welchem das Verbot endgültig wird,
6686 4118 8079 4182 iſt als der Zeitpunkt der Auflöſung oder Schließung des
6687 4176 7367 4230 Vereins (der Kaſſe) anzuſehen.
6792 4220 8077 4283 Gegen die Anordnungen der Behörde findet nur die Be⸗
6687 4277 7557 4337 ſchwerde an die Aufſichtsbehörden ſtatt.
6793 4322 8077 4384 §. 8. Das von der Landespolizeibehörde erlaſſene Ver⸗
6688 4375 8078 4438 bot, ſowie die Anordnung der Kontrole iſt dem Vereinsvor⸗
6688 4424 8079 4489 ſtande, ſofern ein ſolcher im Inlande vorhanden iſt, durch
6688 4478 8080 4541 ſchriftliche, mit Gründen verſehene Verfügung bekannt zu
6691 4527 8077 4589 machen. Gegen dieſelbe ſteht dem Vereinsvorſtande die Be⸗
6688 4589 7126 4644 ſchwerde (§. 26) zu.
6792 4630 8079 4691 Die Beſchwerde iſt innerhalb einer Woche nach der Zu⸗
6689 4676 8081 4747 ſtellung der Verfügung bei der Behörde anzubringen, welche
6688 4742 7141 4796 dieſelbe erlaſſen hat.
6794 4786 7891 4849 Die Beſchwerde hat keine aufſchiebende Wirkung.
6794 4835 8082 4895 §. 9. Verſammlungen, in denen ſozialdemokratiſche, ſo⸗
6688 4886 8084 4949 zialiſtiſche oder kommuniſtiſche auf den Umſturz der beſtehen⸗
6688 4938 8083 4997 den Staats⸗ oder Geſellſchaftsordnung gerichtete Beſtrebungen
6688 4995 7406 5052 zu Tage treten, ſind aufzulöſen.
6792 5039 8084 5100 Verſammlungen, von denen durch Thatſachen die An⸗
6690 5090 8083 5153 nahme gerechtfertigt iſt, daß ſie zur Förderung der im erſten
6690 5143 8085 5198 Abſatze bezeichneten Beſtrebungen beſtimmt ſind, ſind zu ver⸗
6691 5204 6826 5247 bieten.
6794 5243 8085 5302 Den Verſammlungen werden öffentliche Feſtlichkeiten und
6692 5303 7156 5354 Aufzüge gleichgeſtellt.
6788 5345 8086 5411 §. 10. Zuſtändig für das Verbot und die Auflöſung iſt
6693 5406 7098 5455 die Polizeibehörde.
6796 5448 8078 5509 Die Beſchwerde findet nur an die Aufſichtsbehörden ſtatt.
6796 5495 8099 5570 §. 11. Druckſchriften, in welchen ſozialdemokratiſche,
6694 5551 8087 5613 ſozialiſtiſche oder kommuniſtiſche auf den Umſturz der beſtehen⸗
6695 5603 8087 5659 den Staats⸗ oder Geſellſchaftsordnung gerichtete Beſtrebungen
6693 5651 8088 5713 in einer den öffentlichen Frieden, insbeſondere die Eintracht
6695 5704 8087 5774 der Bevölkerungsklaſſen gefährdenden Weiſe zu Tage treten,
6697 5762 7081 5816 ſind zu verbieten.
6799 5802 8089 5865 Bei periodiſchen Druckſchriften kann das Verbot ſich auch
6696 5853 8088 5918 auf das fernere Erſcheinen erſtrecken, ſobald auf Grund dieſes
6697 5908 7889 5969 Geſetzes das Verbot einer einzelnen Nummer erfolgt.
6802 5967 8092 6030 §. 12. Zuſtändig für das Verbot iſt die Landespolizei⸗
6697 6018 8094 6090 behörde, bei periodiſchen im Inlande erſcheinenden Druck⸗
6697 6069 8093 6140 ſchriften die Landespolizeibehörde des Bezirks, in welchem die
6697 6121 8094 6181 Druckſchrift erſcheint. Das Verbot der ferneren Verbreitung
6697 6171 8095 6243 einer im Auslande erſcheinenden periodiſchen Druckſchrift ſteht
6696 6232 7177 6284 dem Reichskanzler zu.
6801 6275 8096 6329 Das Verbot iſt in der im §. 6 Abſ. 2 vorgeſchriebenen
6698 6325 8096 6383 Weiſe bekannt zu machen und iſt für das ganze Bundesgebiet
6697 6387 6884 6439 wirkſam.
6804 6438 8073 6498 §. 13. Das von der Landespolizeibehörde erlaſſene Ver⸗
6699 6490 8078 6551 bot einer Druckſchrift iſt dem Verleger oder dem Herausgeber,
6698 6539 8083 6601 das Verbot einer nicht periodiſch erſcheinenden Druckſchrift
8129 1834 9502 1903 auch dem auf derſelben benannten Verfaſſer, ſofern dieſe Per⸗
8129 1886 9503 1954 ſonen im Inlande vorhanden ſind, durch ſchriftliche, mit Grün⸗
8127 1943 9132 2003 den verſehene Verfügung bekannt zu machen.
8233 1988 9502 2056 Gegen die Verfügung ſteht dem Verleger oder dem
8128 2042 9470 2110 Herausgeber, ſowie dem Verfaſſer die Beſchwerde (§. 26) zu.
8228 2091 9504 2155 Die Beſchwerde iſt innerhalb einer Woche nach der Zu⸗
8126 2139 9501 2218 ſtellung der Verfügung bei der Behörde anzubringen, welche
8125 2206 8573 2262 dieſelbe erlaſſen hat.
8232 2245 9322 2309 Die Beſchwerde hat keine aufſchiebende Wirkung.
8232 2287 9514 2362 §. 14. Auf Grund des Verbots ſind die von demſelben
8126 2343 9511 2416 betroffenen Druckſchriften da, wo ſie ſich zum Zwecke der Ver⸗
8128 2394 9503 2467 breitung vorfinden, in Beſchlag zu nehmen. Die Beſchlag
8127 2442 9515 2518 nahme kann ſich auf die zur Vervielfältigung dienenden
8127 2503 9515 2568 Platten und Formen erſtrecken; bei Druckſchriften im engeren
8129 2549 9515 2619 Sinne hat auf Antrag des Betheiligten ſtatt Beſchlagnahme
8130 2601 9514 2671 des Satzes das Ablegen des letzteren zu geſchehen. Die in
8127 2650 9516 2719 Beſchlag genommenen Druckſchriften, Platten und Formen
8132 2703 9510 2773 ſind, nachdem das Verbot endgültig geworden iſt, unbrauchbar
8132 2783 8363 2826 zu machen.
8237 2807 9515 2873 Die Beſchwerde findet nur an die Aufſichtsbehörden ſtatt.
8240 2858 9513 2926 §. 15. Die Polizeibehörde iſt befugt, Druckſchriften der
8134 2910 9514 2976 im §. 11 bezeichneten Art, ſowie die zu ihrer Vervielfältigung
8134 2960 9514 3027 dienenden Platten und Formen ſchon vor Erlaß eines Ver⸗
8134 3012 9513 3076 bots vorläufig in Beſchlag zu nehmen. Die in Beſchlag ge⸗
8135 3062 9517 3127 nommene Druckſchrift iſt innerhalb vierundzwanzig Stunden
8135 3113 9517 3181 der Landespolizeibehörde einzureichen. Letztere hat entweder
8135 3165 9519 3237 die Wiederaufhebung der Beſchlagnahme ſofort anzuordnen
8135 3216 9520 3284 oder innerhalb einer Woche das Verbot zu erlaſſen. Erfolgt
8135 3266 9518 3334 das Verbot nicht innerhalb dieſer Friſt, ſo erliſcht die Be⸗
8136 3318 9519 3389 ſchlagnahme und müſſen die einzelnen Stücke, Platten und
8138 3378 8762 3436 Formen freigegeben werden.
8239 3420 9531 3485 §. 16. Das Einſammeln von Beiträgen zur Förderung
8143 3466 9528 3540 von ſozialdemokratiſchen, ſozialiſtiſchen oder kommuniſtiſchen
8144 3521 9528 3588 auf den Umſturz der beſtehenden Staats⸗ oder Geſellſchafts⸗
8143 3565 9526 3641 ordnung gerichteten Beſtrebungen, ſowie die öffentliche Auf⸗
8143 3625 9526 3691 forderung zur Leiſtung ſolcher Beiträge ſind polizeilich zu ver⸗
8144 3678 9329 3738 bieten. Das Verbot iſt öffentlich bekannt zu machen.
8247 3727 9522 3793 Die Beſchwerde findet nur an die Aufſichtsbehörden ſtatt.
8250 3771 9530 3843 §. 17. Wer an einem verbotenen Vereine (§. 6) als
8144 3827 9529 3898 Mitglied ſich betheiligt, oder eine Thätigkeit im Intereſſe
8147 3877 9531 3947 eines ſolchen Vereins ausübt, wird mit Geldſtrafe bis zu
8146 3932 9533 4002 fünfhundert Mark oder mit Gefängniß bis zu drei Monaten
8149 3982 9527 4052 beſtraft. Eine gleiche Strafe trifft denjenigen, welcher an
8149 4033 9527 4102 einer verbotenen Verſammlung (§. 9) ſich betheiligt, oder
8148 4084 9531 4154 welcher nach polizeilicher Auflöſung einer Verſammlung (§. 9)
8150 4151 8686 4206 ſich nicht ſofort entfernt.
8255 4188 9530 4253 Gegen diejenigen, welche ſich an dem Vereine oder an
8150 4241 9532 4307 der Verſammlung als Vorſteher, Leiter, Ordner, Agenten,
8152 4289 9531 4355 Redner oder Kaſſirer betheiligen, oder welche zu der Ver⸗
8150 4342 9532 4418 ſammlung auffordern, iſt auf Gefängniß von Einem Monat
8152 4404 8895 4462 bis zu Einem Jahre zu erkennen.
8255 4444 9533 4510 §. 18. Wer für einen verbotenen Verein oder für eine
8150 4494 9537 4560 verbotene Verſammlung Räumlichkeiten hergiebt, wird mit
8151 4545 9495 4616 Gefängniß von Einem Monat bis zu Einem Jahre beſtraft.
8256 4597 9531 4665 §. 19. Wer eine verbotene Druckſchrift (§§. 11, 12),
8153 4647 9532 4710 oder wer eine von der vorläufigen Beſchlagnahme betroffene
8152 4698 9530 4769 Druckſchrift (§. 15) verbreitet, fortſetzt oder wieder abdruckt,
8153 4750 9533 4817 wird mit Geldſtrafe bis zu eintauſend Mark oder mit Ge⸗
8154 4810 9013 4873 fängniß bis zu ſechs Monaten beſtraft.
8258 4855 9530 4920 §. 20. Wer einem nach §. 16 erlaſſenen Verbote zu⸗
8153 4903 9530 4973 widerhandelt, wird mit Geldſtrafe bis zu fünfhundert Mark
8155 4957 9528 5028 oder mit Gefängniß bis zu drei Monaten beſtraft. Außerdem
8155 5004 9535 5076 iſt das zufolge der verbotenen Sammlung oder Aufforderung
8156 5059 9533 5127 Empfangene oder der Werth deſſelben der Armenkaſſe des
8157 5114 9205 5171 Orts der Sammlung für verfallen zu erklären.
8264 5175 9541 5237 §. 21. Wer ohne Kenntniß, jedoch nach erfolgter Bekannt⸗
8156 5224 9533 5292 machung des Verbots durch den „Reichs⸗Anzeiger“ (§§. 6, 12)
8161 5271 9537 5340 eine der in den §§. 17, 18, 19 verbotenen Handlungen be⸗
8158 5326 9540 5396 geht, iſt mit Geldſtrafe bis zu einhundertfünfzig Mark oder
8158 5389 8639 5444 mit Haft zu beſtrafen.
8260 5427 9537 5490 Gleiche Strafe trifft den, welcher nach erfolgter Bekannt⸗
8157 5478 9533 5544 machung des Verbots einem nach §. 16 erlaſſenen Verbote
8157 5529 9538 5598 zuwiderhandelt. Die Schlußbeſtimmung des §. 20 findet An⸗
8157 5597 8359 5647 wendung.
8255 5642 9539 5710 §. 22. Gegen Perſonen, welche ſich die Agitation für die
8160 5694 9540 5760 im §. 1 Abſ. 2 bezeichneten Beſtrebungen zum Geſchäfte
8159 5746 9545 5811 machen, kann im Falle einer Verurtheilung wegen Zuwider⸗
8160 5795 9544 5865 handlungen gegen die §§. 17 bis 20 neben der Freiheitsſtrafe
8162 5848 9544 5915 auf die Zuläſſigkeit der Einſchränkung ihres Aufenthaltes er⸗
8163 5914 8468 5959 kannt werden.
8269 5946 9550 6016 Auf Grund dieſes Erkenntniſſes kann dem Verurtheilten
8164 6000 9547 6067 der Aufenthalt in beſtimmten Bezirken oder Ortſchaften durch
8163 6053 9552 6118 die Landespolizeibehörde verſagt werden, jedoch in ſeinem
8165 6099 9550 6171 Wohnſitze nur dann, wenn er denſelben nicht bereits ſeit ſechs
8166 6155 9549 6215 Monaten inne hat. Ausländer können von der Landespolizei⸗
8166 6206 9551 6272 behörde aus dem Bundesgebiete ausgewieſen werden. Die
8166 6260 9344 6323 Beſchwerde findet nur an die Aufſichtsbehörden ſtatt.
8270 6309 9550 6374 Zuwiderhandlungen werden mit Gefängniß von Einem
8167 6364 8980 6422 Monat bis zu Einem Jahre beſtraft.
8272 6422 9552 6483 §. 23. Unter den im §. 22 Abſ. 1 bezeichneten Voraus⸗
8167 6471 9548 6538 ſetzungen kann gegen Gaſtwirthe, Schankwirthe, mit Brannt⸗
8166 6521 9549 6586 wein oder Spiritus Kleinhandel treibende Perſonen, Buch⸗
