9824 6952
674 368 1715 414 tionen nebſt den zu denſelben gehörenden, nach dem
676 412 1716 462 1. April 1879 fälligen Zinscoupons nebſt Talons
676 454 1717 508 und gegen Quittung vom 1. April k. J. ab in der
662 505 1716 551 Kreis⸗Kommunalkaſſe hierſelbſt in Empfang zu
670 551 825 599 nehmen.
722 594 1714 642 Der Geldbetrag der etwa fehlenden, unentgeldlich
677 640 1714 687 mit abzuliefernden Zinscoupons wird von dem
670 685 1715 733 zurückzuzahlenden Kapitale event. zurückbehalten
672 735 811 773 werden.
719 775 1714 823 Die Erhebung der Nennwerthe der gekündigten
677 820 1715 870 Obligationen kann auch vom 1. Januar 1879 ab
677 865 1714 915 erfolgen, doch werden von den vor dem 1. April
680 911 1715 960 1879 amortiſirten Obligationen die Zinſen für das
675 959 1289 1004 Ⅰ. Quartal nicht mehr gezahlt.
723 1001 1715 1051 Gleichzeitig fordere ich die Inhaber der im Jahre
680 1046 1714 1096 1875 ausgelooſten Kreis⸗Obligationen erſter Emiſ⸗
676 1093 1716 1141 ſion: Nr. 55 Litt. A. u. 313 Litt. B. zur
676 1133 1717 1190 alsbaldigen Einlöſung derſelben bei der Kreis⸗
676 1184 1183 1230 Kommunalkaſſe hier, auf.
723 1229 1360 1277 Gleiwitz, den 8. Oktober 1878.
905 1273 1471 1322 Der Königliche Landrath.
944 1320 1444 1367 Graf von Strachwitz.
671 1426 798 1474 [6638]
685 1465 1713 1544 Köln⸗Mindener Eiſenbahn⸗Geſellſchaft.
726 1546 1714 1596 Unter Bezugnahme auf unſere Bekanntmachung
683 1591 1715 1639 vom 29. Juni d. J. und auf Grund des §. 7 der
681 1637 1713 1686 Allerhöchſten Privilegien vom 8. Oktober 1847,
681 1683 1713 1730 30. März 1849 und 14. Februar 1853, ſowie des
679 1727 1711 1779 §. 6 der Allerhöchſten Privilegien vom 17. Sep⸗
679 1773 1711 1819 tember 1862 und vom 3. September 1873 wegen
679 1818 1712 1868 Emiſſion 4 ½⸗, 5⸗ und 4 prozentiger Prioritäts⸗
678 1864 1712 1915 Obligationen (Ⅰ., ⅠⅠ., Ⅴ. und ⅤⅠⅠ. Emiſſion)
678 1905 1712 1958 unſerer Geſellſchaft, machen wir hiermit bekannt,
678 1955 1712 2004 daß bei der heute in Gegenwart eines Notars ſtatt⸗
672 2000 1712 2056 gehabten Auslooſung der im Januar 1879 zur
670 2046 1711 2095 Amortiſation gelangenden Obligationen folgende
676 2093 1310 2141 Nummern gezogen worden ſind:
784 2135 1608 2187 a. 4 ½ % ige Prioritäts⸗Obligationen
1058 2184 1330 2226 Ⅰ. Emiſſion.
720 2227 1711 2273 Nr. 45 177 373 464 465 476 616 660 665 762
677 2273 1709 2317 816 834 907 1010 1041 1042 1044 1093 1142
679 2318 1710 2362 1167 1176 1180 1383 1402 1484 1555 1581 1690
679 2364 1711 2407 1731 1744 1876 1907 1957 1973 1992 2240 2330
675 2409 1709 2452 2460 2491 2527 2556 2595 2764 2814 2877 2878
675 2454 1706 2504 2919 2926 2965, im Ganzen 49 Stück à 500 Thlr.
671 2504 930 2547 = ℳ 1500.
717 2547 1708 2590 Nr. 3070 3134 3141 3252 3333 3340 3346 3435
675 2592 1707 2634 3510 3517 3558 3562 3565 3577 3675 3692 3727
677 2638 1705 2681 3803 3974 4029 4174 4186 4258 4326 4333 4543
675 2683 1707 2725 4575 4620 4747 4754 4767 4822 4866 4992 5052
677 2728 1707 2771 5106 5172 5192 5213 5241 5254 5268 5285 5325
677 2773 1706 2816 5335 5380 5453 5475 5566 5604 5629 5677 5737
678 2818 1706 2861 5748 5831 5982 6094 6101 6112 6123 6133 6225
677 2864 1705 2906 6341 6392 6545 6653 6673 6686 6712 6765 6785
677 2909 1706 2951 6793 6827 6937 6971 7037 7140 7180 7183 7194
676 2955 1706 2996 7241 7272 7295 7328 7345 7398 7420 7439 7475
676 2998 1725 3042 7499 7545 7567 7579 7659 7689 7736 7756 7871
677 3045 1705 3087 7872 7884 7885 7972 7981 7983 7993 8062 8076
677 3091 1706 3132 8135 8137 8186 8306 8312 8318 8398 8414 8428
675 3136 1705 3182 8475 8653 8693 8787 8873 8885 8968, im Ganzen
675 3183 1403 3226 123 Stück à 200 Thlr. = ℳ 600.
715 3225 1704 3271 Nr. 9053 9093 9158 9159˙9167 9245 9252 9259
674 3272 1704 3314 9383 9396 9467 9523 9616 9652 9815 9905 9929
674 3317 1702 3359 9930 9943 9944 9947 9983 9932 9996 10021
676 3364 1704 3404 10027 10096 10139 10140 10142 10143 10144
675 3408 1704 3450 10145 10149 10334 10345 10346 10348 10350
676 3454 1702 3495 10351 10446 10454 10515 10538 10632 10645
676 3498 1702 3541 10695 10821 10846 10873 10886 10914 10958
676 3544 1703 3587 10960 10961 11090 11092 11146 11163 11238
674 3590 1702 3632 11334 11347 11367 11373 11435 11475 11526
673 3636 1702 3678 11530 11538 11567 11597 11610 11624 11746
672 3681 1700 3723 11781 11810 11832 11857 11917 12026 12041
674 3727 1703 3768 12100 12112 12152 12168 12276 12279 12280
672 3773 1698 3814 12387 12413 12544 12549 12614 12740 12751
670 3818 1701 3859 12809 12868 12921 12951 12972 13166 13188
672 3864 1700 3905 13189 13209 13276 13291 13440 13459 13537
671 3909 1701 3949 13551 13594 13654 13658 13662 13663 13695
673 3954 1701 3994 13716 13745 13816 13817 13853 13898 14038
673 4000 1703 4040 14049 14052 14053 14067 14164 14214 14230
676 4045 1698 4084 14274 14293 14316 14317 14387 14402 14411
676 4090 1703 4130 14473 14515 14556 14613 14708 14798 14846
680 4135 1703 4176 14864 14915 15006 15035 15049 15072 15139
672 4179 1703 4221 15140 15155 15179 15243 15255 15256 15257
672 4225 1712 4266 15272 15280 15308 15407 15433 15489 15543
673 4270 1704 4312 15593 15617 15648 15691 15754 15826 15827
673 4316 1705 4357 15828 15861 15865 15871 15973 15985 16033
674 4361 1707 4401 16035 16036 16088 16149 16189 16258 16259
675 4406 1706 4447 16339 16523 16660 16716 16775 16825 16861
675 4451 1706 4492 16900 16945 16986 17067 17073 17108 17161
673 4496 1709 4537 17186 17238 17240 17244 17275 17278 17286
676 4542 1710 4582 17561 17571 17609 17619 17767 17814 17832
676 4586 1709 4628 17833 17896 17897 17898 17949 18042 18053
675 4632 1710 4679 18054 18119 18130 18133 18153 18164 18192
678 4676 1716 4722 18228 18230 18235 18327 18328 18338 18350
678 4716 1711 4763 18375 18409 18412 18475 18481 18521 18543
678 4766 1710 4811 18565 18624 18649, im Ganzen 245 Stück
673 4814 1155 4858 à 100 Thlr. = ℳ 300.
812 4856 1581 4904 b. 5 % ige Prioritäts⸗Obligationen
1042 4902 1340 4942 ⅠⅠ. Emiſſion.
719 4947 1711 4992 Nr. 145 153 170 176 199 339 437 623 638 658
677 4992 1711 5035 669 748 757 870 897 910 919 977 1038 1062
680 5037 1711 5079 1114 1161 1169 1245 1258 1263 1359 1451 1489
683 5078 1711 5124 1509 1510 1513 1577 1672 1796 1960 2063 2072
677 5127 1710 5171 2089 2241 2456 2612 2717 2723 2770 2955, im
675 5172 1557 5221 Ganzen 46 Stück à 500 Thlr. = ℳ 1500.
721 5215 1711 5263 Nr. 3005 3006 3017 3055 3092 3204 3305 3316
680 5261 1711 5304 3322 3383 3437 3657 3678 3701 3728 3906 3947
677 5306 1711 5349 4073 4089 4101 4185 4303 4376 4404 4475 4498
677 5351 1713 5394 4538 4580 4682 4708 4812 4858 4874 4997 5170
680 5396 1711 5439 5182 5236 5252 5268 5398 5463 5588 5706 5793
681 5441 1712 5483 5847 5881 5946 5953 5999 6000 6056 6154 6175
681 5485 1712 5528 6263 6453 6614 6630 6840 6874 6904 6954 6989
682 5530 1714 5573 7031 7039 7040 7127 7135 7159 7226 7262 7275
682 5574 1712 5618 7278 7367 7400 7647 7743 7757 7762 7783 7821
684 5619 1714 5662 8121 8171 8336 8402 8434 8658 8673 8689 8703
681 5664 1714 5713 8739 8778 8914, im Ganzen 92 Stück à 200 Thlr.
674 5715 892 5759 = ℳ 600.
726 5753 1715 5798 Nr. 9061 9156 9166 9249 9350 9477 9492 9617
681 5799 1717 5842 9685 9717 9826 9893 9996 10041 10066 10158
682 5843 1718 5887 10252 10291 10334 10368 10385 10434 10438
681 5888 1718 5932 10555 10787 10795 10877 10883 10923 10978
681 5933 1717 5977 11041 11175 11191 11248 11273 11306 11369
682 5978 1717 6022 11402 11488 11527 11542 11551 11624 11685
685 6022 1719 6066 11694 11786 11823 11879 11947 12007 12041
684 6067 1721 6112 12098 12103 12203 12236 12316 12361 12402
685 6112 1721 6156 12436 12459 12537 12551 12620 12749 12844
686 6156 1720 6201 12900 12946 13035 13038 13051 13052 13073
685 6201 1720 6251 13104 13253 13419 13423 13613 13664 13716
690 6246 1718 6295 13732 13768 13885 13935 13944 13951 14027
690 6289 1725 6338 14046 14088 14235 14247 14262 14362 14399
690 6336 1725 6385 14450 14451 14695 14734 14840 14933 14949
690 6378 1725 6430 14989 15334 15412 15447 15515 15682 15704
689 6425 1727 6474 15787 15913 15935 16011 16025 16061 16112
1763 365 2796 406 16206 16314 16325 16383 16519 16588 16597
1764 411 2798 457 16653 16656 16784 16819 16876, im Ganzen
1764 457 2474 500 126 Stück à 100 Thlr. = ℳ 300.
1892 492 2659 549 c. 4 % ige Prioritäts⸗Obligationen
2133 547 2429 588 ⅠⅠ. Emiſſion.
1799 591 2801 635 Nr. 17030 17048 17124 17364 17435 17460
1759 636 2800 676 17481 17547 17630 17652 17739 17763 17805
1761 641 2798 727 17834 17882 18071 18080 18215 18262 18297
1763 725 2798 773 18353 18479, im Ganzen 22 Stück à 500 Thlr.
1760 776 2005 813 = ℳ 1500.
1805 816 2800 859 Nr. 18501 18538 18667 18690 18797 18800
1763 861 2799 903 18807 18963 18991 19019 19084 19225 19294
1763 907 2793 948 19410 19507 19512 19522 19539 19663 19771
1763 951 2798 993 19773 19812 19836 19841 19881 19940 20029
1760 996 2794 1038 20226 20359 20380 20476 20539 20712 20721
1761 1042 2797 1083 20851 20941 20945 20985 20986 21032 21120
1761 1087 2794 1134 21239 21243 21314, im Ganzen 44 Stück à
1758 1133 2189 1178 200 Thlr. = ℳ 600.
1804 1178 2794 1221 Nr. 21578 21696 21856 21861 21984 22075
1760 1224 2794 1265 22288 22310 22408 22453 22460 22535 22594
1761 1269 2793 1310 22605 22679 22795 22822 22929 22971 23168
1760 1313 2793 1356 23294 23296 23813 23817 23875 24007 24036
1760 1359 2788 1401 24048 24152 24202 24305 24391 24441 24471
1760 1404 2791 1446 24486 24557 24562 24634 24818 24986 25007
1760 1450 2789 1491 25069 25075 25272 25310 25400 25534 25641
1760 1495 2791 1537 25659 25686 25744 25806 25883 25936 25949
1760 1540 2791 1582 25975 26001 26066 26071 26076 26077 26179
1760 1585 2790 1628 26247 26273 26429 26467 26592 26632 26679
1760 1630 2790 1673 26773 26797 26803 26807 27074 27132 27218
1760 1676 2790 1718 27222 27282 27291 27324 27335 27377 27407
1758 1722 2788 1768 27419 27451 27795 27803 27956 27980, im Ganzen
1759 1769 2444 1812 89 Stück à 100 Thlr. = ℳ 300.
1882 1805 2664 1865 d. 4 % ige Prioritäts⸗Obligationen
2115 1860 2418 1899 Ⅴ. Emiſſion.
1802 1904 2787 1950 Nr. 77 87 179 393 429 584 626 663 735 746,
1758 1951 2730 1997 im Ganzen 10 Stück à 1000 Thlr. = ℳ 3000.
1800 1996 2790 2039 Nr. 1215 1221 1299 1337 1496 1572 1661 1774
1759 2042 2788 2083 1823 1850 1918 2025 2043 2045 2135 2196 2199
1757 2087 2790 2128 2327 2445 2458 2491 2492 2619 2673 2763 2800
1756 2132 2789 2173 2951 3088 3101 3213 3254 3600 3754 4091 4234
1755 2178 2786 2223 4324 4422 4582 4688 4954 4987, im Ganzen
1755 2224 2465 2268 41 Stück à 500 Thlr. = ℳ 1500.
1800 2269 2787 2312 Nr. 5082 5359 5486 5549 5730 5802 5948 6135
1756 2314 2788 2355 6165 6260 6316 6346 6457 6672 6721 6907 6929
1756 2360 2788 2401 7027 7097 7134 7189 7229 7301 7308 7459 7548
1756 2405 2787 2446 7612 7670 7890 7906 7986 8089 8298 8375 8444
1755 2451 2787 2492 8487 8521 8697 8981 8985 9021 9111 9333 9754
1755 2496 2787 2538 9770 9855 9869 10047 10063 10249 10384 10464
1756 2542 2787 2584 10626 10673 11009 11044 11052 11195 11394
1756 2587 2787 2635 11605 11647 11904 11966 11984 12068 12150
1755 2633 2785 2674 12314 12377 12449 12531 12596 12621 12703
1755 2679 2784 2720 12713 12733 12754 12765 12784 12813 12863
1756 2725 2786 2765 13163 13199 13202 13281 13381 13387 13488
1755 2770 2783 2811 13792 13795 14001 14007 14168 14180 14223
1754 2816 2785 2855 14251 14270 14391 14564 14613 14711 14759
1754 2861 2785 2901 14803 14860 14903 15074 15075 15110 15209
1754 2907 2784 2946 15418 15470 15734 15779 15781 15813 15985
1754 2952 2783 2991 16164 16165 16167 16294 16703 16704 16787
1754 2997 2785 3037 16846 16919 16927 16989 17125 17249 17342
1754 3042 2784 3083 17359 17360 17396 17714 17798 17901 17909
1753 3088 2783 3130 17910 17913 17915 18108 18174 18198 18796
1753 3133 2784 3177 18820 19088 19179 19443 19793 19795, im
1751 3176 2633 3225 Ganzen 149 Stück à 100 Thlr. = ℳ 300.
1864 3224 2664 3273 e. 4 ½ % ige Prioritäts⸗Obligationen
2087 3269 2437 3312 ⅤⅠⅠ. Emiſſion.
1796 3314 2782 3356 Nr. 7 236 635 682 736 1200 1300 1603 1679
1750 3361 2780 3400 2237 2253 2850 2953 3739 3761 3800 3970 4041
1749 3405 2782 3447 4140 4640 4791 4800 4817 4881 5716 5842 5869
1749 3451 2780 3496 5925 6165 6167 6187 6305 6467, im Ganzen
1751 3493 2482 3547 33 Stück à 1000 Thlr. = ℳ 3000.
1795 3540 2780 3582 Nr. 6770 6773 7189 7741 7760 8039 8208 8507
1752 3587 2781 3627 8813 8997 9112 9311 9314 9679 9699 9798 9818
1749 3633 2780 3673 9884 9920 9967 10349 10730 10880 10887 11445
1750 3679 2781 3718 11648 11661 11681 11701 11737 11808 12538
1750 3724 2781 3764 12558 12578 12598 12806 12807 12838 12913 13035
1751 3770 2780 3810 13263 13562 13577 13849 14336 14557 14596
1749 3815 2780 3855 14603 14855 14867 15053 15062 16103 16104
1749 3861 2779 3901 16180 16441 17291 17847 17901 18032 18052
1750 3901 2778 3954 18072 18260 18435, im Ganzen 64 Stück à 500 Thlr.
1748 3955 1986 3993 = ℳ 1500.
1792 3996 2778 4038 Nr. 19972 20339 20344 20732 20901 20976
1748 4042 2775 4082 21375 21420 21423 21443 21668 21860 21901
1748 4087 2778 4127 22039 22665 23240 23289 23442 23512 23539
1748 4132 2778 4172 23572 23574 23580 26177 26221 28063 29097
1750 4177 2777 4218 30098 30438 30980 31931 32069 32148 33347
1751 4223 2780 4262 33797 34109 34111 34113 34161 34167 34522
1752 4269 2780 4308 34820 34839 34870 34909 34942 34944 34975
1753 4313 2782 4353 34992 35004 35150 35252 35344 35345 35346
1754 4358 2782 4398 35442 35588 35591 35611 35679 35680 35684
1754 4403 2782 4443 35689 35730 35738 35750 35765 35773 35779
1755 4448 2779 4488 35818 36446 36472 36536 36537 36538 36541
1755 4493 2783 4533 36791 36807 36844 36854 36856 36899 36917
1755 4538 2785 4577 37008 37014 37017 37021 37129 37754 37840
1756 4584 2783 4622 37970 37974 38039 38156 38157 38159 38163
1756 4628 2785 4669 38173 38221 38262 39842 39962 39982 40097
1755 4671 2793 4711 40426 40632 40683 40714 40729 40738 40862
1755 4717 2785 4760 40887 40941 40962 40976 40996 41029 41083
1755 4763 2786 4808 41132 41237 41284 41431 43011 43099 43409,
1755 4803 2704 4852 im Ganzen 125 Stück à 100 Thlr. = ℳ 300.
1799 4852 2787 4898 Die Auszahlung des Nominalwerths dieſer Obli⸗
1756 4897 2786 4945 gationen erfolgt im Januar 1879 in Cöln bei un⸗
1757 4942 2788 4990 ſerer Haupt⸗Kaſſe, in Berlin bei Herrn S. Bleich⸗
1756 4987 2787 5035 röder und bei der Diskonto⸗Geſellſchaft, in Frank⸗
1756 5028 2789 5083 furt a./M. bei Herren M. A. von Rothſchild &
1758 5078 2784 5122 Söhne und bei der Filiale der Bank für Handel ꝛc.
1757 5122 2788 5169 und in Hamburg bei der Norddeutſchen Bank,
1757 5168 2789 5215 gegen Auslieferung der Obligationen und der dazu
1750 5212 2789 5262 gehörigen nicht fälligen Zinscoupons. Der Betrag
1756 5257 2789 5301 der etwa fehlenden Coupons wird am Kapitalbetrage
1756 5302 2789 5348 der Obligationen gekürzt. — Die Verbindlichkeit
1757 5346 2789 5394 zur Verzinſung der oben bezeichneten Obligationen
1758 5390 2664 5445 erliſcht mit dem 31. Dezember dieſes Jahres.
1801 5437 2789 5483 Wir bringen gleichzeitig in Erinnerung, daß von
1758 5481 2790 5526 den früher ausgelooſten Prioritäts⸗Obligationen
1753 5525 2792 5576 folgende noch nicht zur Einlöſung präſentirt worden
1753 5573 1846 5616 ſind:
1852 5614 2700 5658 1) 4 ½ % ige Obligationen Ⅰ. Emiſſion.
1988 5658 2562 5705 Aus der Looſung pro 1868:
1805 5705 2259 5746 Nr. 7478 à 200 Thlr.
1805 5746 2276 5794 Nr. 13587 à 100 Thlr.
1998 5793 2560 5839 Aus der Looſung pro 1869:
1806 5839 2231 5881 Nr. 265 à 500 Thlr.
1806 5882 2252 5925 Nr. 4241 à 200 Thlr.
2000 5926 2559 5973 Aus der Looſung pro 1871:
1808 5973 2257 6016 Nr. 3856 à 200 Thlr.
2003 6012 2561 6062 Aus der Looſung pro 1873:
1813 6059 2469 6104 Nr. 3448 und 7967 à 200 Thlr.
1809 6102 2659 6152 Nr. 12874 14000 und 18496 à 100 Thlr.
2010 6149 2564 6193 Aus der Looſung pro 1874:
1810 6193 2511 6239 Nr. 12342 und 15459 à 100 Thlr.
2009 6238 2572 6285 Aus der Looſung pro 1875:
1811 6285 2262 6329 Nr. 7552 à 200 Thlr.
1813 6323 2776 6377 Nr. 9986 16872 16879 und 18734 à 100 Thlr.
2009 6371 2572 6420 Aus der Looſung pro 1876:
1812 6418 2259 6463 Nr. 2710 à 500 Thlr.
2889 363 3740 408 Nr. 15494 16976 und 18026 à 100 Thlr.
3085 409 3640 456 Aus der Looſung pro 1877:
2891 455 3340 497 Nr. 2221 à 500 Thlr.
2892 497 3557 543 Nr. 3792 und 7557 à 200 Thlr.
2891 542 3882 590 Nr. 9173 9527 9739 14601 14602 14603 16560
2848 589 3464 631 16618 und 16873 à 100 Thlr.
2939 632 3790 677 2) 5 % ige Obligationen ⅠⅠ. Emiſſion.
3087 677 3639 726 Aus der Looſung pro 1874:
2891 723 3856 767 Nr. 396 598 1138 1678 und 1691 à 500 Thlr.
2891 768 3880 813 Nr. 3587 3673 4732 5243 5678 6231 6466 6767
2842 810 3640 865 6920 7103 7259 und 7957 à 200 Thlr.
2887 854 3881 908 Nr. 9220 9454 9922 10316 10657 11357 12034
2849 903 3741 955 12502 15268 16450 und 16454 à 100 Thlr.
3087 951 3643 996 Aus der Looſung pro 1875:
2890 995 3643 1038 Nr. 793 2151 und 2886 à 500 Thlr.
2889 1035 3880 1081 Nr. 3111 3655 4214 4220 5680 5791 6026 7018
2844 1086 3415 1130 7260 und 7937 à 200 Thlr.
2888 1130 3878 1171 Nr. 9251 10853 11606 11906 12267 12677
2845 1175 3878 1216 12698 13032 13039 13226 13259 13638 13674
2843 1220 3878 1261 14102 14149 15371 16428 16681 und 16996 à
2843 1269 3046 1313 100 Thlr.
3087 1311 3643 1359 Aus der Looſung pro 1876:
2883 1355 3874 1402 Nr. 124 232 1185 1321 1820 2703 und 2857
2835 1400 3079 1453 à 500 Thlr.
2885 1447 3874 1489 Nr. 3343 3790 4566 4781 5079 5566 5785 5948
2843 1492 3756 1537 6565 6849 7756 8592 und 8634 à 200 Thlr.
2884 1537 3873 1579 Nr. 9512 10204 10290 10655 11715 11776
2841 1583 3873 1623 13076 13408 13609 13809 13964 13974 14385
2842 1628 3871 1668 15058 15153 15276 15579 15922 16070 16153
2841 1675 3588 1715 16283 16576 und 16791 à 100 Thlr.
3081 1719 3639 1766 Aus der Looſung pro 1877:
2886 1764 3871 1811 Nr. 101 673 801 832 921 1204 1657 1692 1889
2838 1812 3394 1856 2290 und 2934 à 500 Thlr.
2883 1856 3871 1898 Nr. 3034 3039 3059 3529 3642 4156 4630 5385
2838 1901 3870 1943 6354 6381 6670 6907 7514 7840 7936 7991 8001
2838 1947 3522 1989 8113 8782 und 8928 à 200 Thlr.
2882 1992 3870 2035 Nr. 10074 10199 10226 10261 10286 10667
2841 2037 3871 2079 11294 11579 11628 11812 12115 12378 13966
2838 2082 3872 2124 13994 14477 14879 14962 15118 15731 15780
2840 2128 3872 2170 15996 16175 16215 16216 16228 und 16904
2836 2177 3073 2219 à 100 Thlr.
2929 2218 3784 2269 3) 4 % ige Obligationen ⅠⅠ. Emiſſion.
3074 2264 3637 2312 Aus der Looſung pro 1873:
2880 2312 3350 2356 Nr. 26879 à 100 Thlr.
3065 2355 3622 2404 Aus der Looſung pro 1874:
2881 2402 3352 2445 Nr. 19484 à 200 Thlr.
2880 2447 3593 2491 Nr. 24181 und 26567 à 100 Thlr.
3064 2493 3636 2539 Aus der Looſung pro 1875:
2880 2538 3585 2582 Nr. 24236 und 26864 à 100 Thlr.
3064 2584 3640 2632 Aus der Looſung pro 1877:
2879 2629 3585 2674 Nr. 19485 und 21099 à 200 Thlr.
2879 2670 3870 2719 Nr. 23975 24073 26388 und 27624 à 100 Thlr.
2927 2719 3777 2768 4) 4 % ige Obligationen Ⅴ. Emiſſion.
3063 2766 3638 2812 Aus der Looſung pro 1875:
2881 2812 3352 2855 Nr. 10291 à 100 Thlr.
3075 2857 3630 2901 Aus der Looſung pro 1876:
2879 2902 3545 2946 Nr. 6904 und 9643 à 100 Thlr.
3074 2947 3630 2994 Aus der Looſung pro 1877:
2878 2992 3768 3038 Nr. 2272 2845 3896 und 4972 à 500 Thlr.
2879 3038 3700 3082 Nr. 6381 17048 und 17531 à 100 Thlr.
2926 3083 3869 3138 Wir fordern die Inhaber dieſer Obligationen
2832 3128 3868 3184 wiederholt auf, die Kapitalbeträge zum Nominal⸗
2831 3174 3870 3225 werthe gegen Ablieferung der Obligationen und der
2830 3219 3867 3272 zugehörigen Zinscoupons bei unſerer Hauptkaſſe hier⸗
2831 3269 3163 3316 ſelbſt zu erheben.
2878 3311 3868 3361 Endlich machen wir in Gemäßheit der Eingangs
2831 3355 3867 3405 bezeichneten Privilegien bekannt, daß von den bis
2832 3402 3487 3449 inkl. 26. Juli 1877 ausgelooſten
2991 3443 3708 3500 4 ½ % igen Obligationen Ⅰ. Emiſſion:
3144 3492 3592 3535 65 Stück à 500 Thlr.
3122 3532 3590 3587 162 „ à 200 Thlr.
3121 3578 3592 3632 339 „ à 100 Thlr.
2995 3627 3714 3677 5 % igen Obligationen ⅠⅠ. Emiſſion:
3144 3673 3592 3716 40 Stück à 500 Thlr.
3144 3713 3591 3768 77 „ à 200 Thlr.
3124 3759 3591 3814 113 „ à 100 Thlr.
2995 3805 3708 3862 4 % igen Obligationen ⅠⅠ. Emiſſion:
3147 3855 3592 3896 29 Stück à 500 Thlr.
3145 3897 3600 3943 65 „ à 200 Thlr.
3125 3941 3592 3994 113 „ à 100 Thlr.
2990 3986 3708 4044 4 % igen Obligationen Ⅴ. Emiſſion:
3140 4035 3593 4077 11 Stück à 1000 Thlr.
3137 4077 3593 4131 44 „ à 500 Thlr.
3116 4126 3596 4171 215 „ à 100 Thlr.
2831 4171 3869 4225 ferner eingelöſt und nebſt den dazu gehörigen mit⸗
2832 4217 3871 4267 abgelieferten Zinscoupons in Gegenwart eines pro⸗
2831 4262 3711 4318 tokollirenden Notars verbrannt worden ſind.
2885 4309 3324 4356 Cöln, 25. Juli 1878.
3197 4351 3513 4393 Die Direktion.
2834 4460 2953 4506 [9958]
3131 4455 3576 4527 Bekanntmachung.
2888 4533 3880 4580 Von den auf Grund der Allerhöchſten Privilegien
2839 4572 3879 4626 vom 17. Mai 1858 (Geſ. S. S. 288), 5. Auguſt
2841 4607 3877 4669 1863 (Geſ. S. S. 537), 29. Mai 1869 (Geſ. S.
2838 4665 3877 4714 S. 890) und 29. Oktober 1873 (Geſ. S. S. 91)
2832 4714 3878 4764 ausgefertigten, auf den Inhaber lautenden Obliga⸗
2839 4757 3873 4806 tionen des Ⅰ. Jerichowſchen Kreiſes ſind pro
2839 4802 3869 4849 1879 nachſtehende Schuldverſchreibungen, und zwar:
2929 4847 3776 4893 a. aus der Anleihe vom Jahre 1858.
2883 4890 3460 4942 Litt. A. Nr. 3 7 55 59 103.
2883 4937 3870 4979 Litt. B. Nr. 121 169 211 231 249 268 305 410
2836 4984 3190 5024 428 431 523 552.
2884 5026 3869 5069 Litt. C. Nr. 40 98 149 155 161 218 329 339
2838 5071 3870 5113 357 369 408 411 443 453 502 566 619 685 900
2838 5117 3543 5158 909 913 915 963 1022 1037 1076.
2930 5160 3787 5207 b. aus der Anleihe vom Jahre 1863.
2883 5208 3512 5248 Litt. B. Nr. 663 668 726 745.
2929 5250 3777 5296 c. aus der Anleihe vom Jahre 1866.
2883 5298 3414 5337 Litt. B. Nr. 771 792 810.
2925 5340 3777 5393 d. aus der Anleihe vom Jahre 1873.
2884 5387 3474 5427 Litt. B. Nr. 1072 1092 1132
2842 5433 3236 5486 ausgelooſt worden.
2886 5474 3871 5521 Die ausgelooſten Schuldverſchreibungen mit den
2839 5518 3872 5568 dazu gehörigen Zinscoupons ſind am 1. April
2842 5563 3873 5612 1879 Behufs Auszahlung der Kapitalien und der
2840 5604 3877 5659 bis dahin entſtandenen Zinſen an die Kreis⸗Kom⸗
2842 5655 3531 5701 munalkaſſe hierſelbſt zurückzugeben.
2888 5697 3873 5744 Von den früher ausgelooſten Kreisobligationen
2843 5741 3336 5792 ſind noch nicht realiſirt:
2889 5786 3806 5836 Litt. B. Nr. 319 739 845 und 912 à 300 ℳ
2891 5831 3623 5881 Litt. C. Nr. 206 und 709 à 150 ℳ,
2843 5875 3812 5924 deren Einlieferung in Erinnerung gebracht wird.
2891 5921 3533 5967 Burg, den 25. November 1878.
2872 5965 3854 6016 Der Kreisausſchuß des Kreiſes Jerichow Ⅰ.
2848 6058 2973 6106 [8526]
3071 6055 3658 6102 Aufkündigung
2890 6098 3848 6143 nachſtehender Obligationen des Pleſchener
3272 6148 3442 6186 Kreiſes.
2848 6184 3876 6235 Ⅰ. Kreis⸗Chauſſeebau Anleihe vom Jahr 1857
3002 6233 3742 6282 im Betrage von 108 125 Rthlr.
2920 6274 3823 6320 Litt. B. über 100 Rthlr. oder 300 ℳ
2901 6321 3878 6363 Nr. 9 10 14 26 49 58 65 71 73 74 75 82 83
2854 6364 3878 6406 85 90 94 97 99 104 105 108 109 123 127 132
2857 6408 3879 6450 134 136 149 157 158 159 161 167 168 170 175
3930 361 4957 402 179 180 182 184 189 190 199 207 209 213 215
3929 401 4934 458 230 231 236 242 243 251 258 260 261 264 267.
4020 452 4867 499 Litt. C. über 50 Rthlr. oder 150 ℳ
3974 497 4508 535 Nr. 132 134 155 159 372.
3931 535 4962 589 ⅠⅠ. Kreis⸗Eiſenbahn⸗Anleihe vom Jahre 1873
4119 585 4781 641 im Betrage von 900 000 ℳ
4204 631 4679 677 Litt. E. über 75 ℳ
3980 676 4956 721 Nr. 6 112 151 200 202 232 235 451 484 487
3929 721 4958 762 632 707 760 761 762 763 764 767 768 769 770
3929 767 4956 807 771 772 795 796 797 798 815 816 817 818 820
3929 809 4956 857 822 823 824 825 826 827 842 843 844 845 846
3930 853 4956 901 847 848 849 850 851 852 853 854 988 989 990
3928 902 4956 942 991 992 993 994 1057 1058 1059 1060 1061 1062
3932 947 4954 987 1063 1064 1065 1066 1067 1068 1069 1070 1071
3933 992 4956 1032 1072 1073 1074 1075 1076 1077 1078 1079 1127
3931 1038 4956 1078 1128 1129 1130 1131 1132 1133 1134 1135 1136
3929 1083 4955 1123 1137 1138 1139 1140 1141 1142 1227 1228 1234
3930 1129 4954 1168 1235 1302 1341 1342 1343 1344 1345 1346 1347
3928 1173 4952 1212 1455 1456 1457 1458 1459 1460 1461 1462 1463
3926 1218 4954 1258 1464 1465 1466 1467 1468 1709 1710 1711 1712
3926 1264 4954 1303 1713 1714 1816 1817 1826 1827 1828 1829 1830
3920 1308 4954 1354 1831 1998 1999 2243 2244 2245 2246 2247 2248
3919 1352 4035 1396 2254.
3972 1398 4964 1446 Dieſe Obligationen ſind nebſt den dazu gehörigen
3919 1445 4952 1489 noch nicht fälligen Zinscoupons und Talons am
3920 1489 4953 1538 1. April 1879 auf der Kreis⸗Kommunalkaſſe hier⸗
3917 1534 4953 1583 ſelbſt gegen Bezahlung des Nennwerthes zurück⸗
3919 1581 4095 1627 zuliefern.
3968 1626 4606 1674 Pleſchen, den 1. Oktober 1878.
3923 1669 4951 1721 Die Finanz⸗Kommiſſion des Pleſchener Kreiſes.
3918 1715 4950 1762 Gregorovius. Laszezewski. Graf Sokolnicki.
4007 1761 4871 1810 Purgold. von Zychlinski. Gabler.
3919 1901 4045 1948 [8379]
4221 1903 4666 1973 Bekanntmachung.
3966 1971 4952 2023 Bei der heute planmäßig ſtattgefundenen Aus⸗
3919 2021 4951 2072 looſung ſind folgende am 1. April 1879 bei der
3917 2067 4952 2118 hieſigen Kreis⸗Kommunalkaſſe einzulöſende Obli⸗
3921 2111 4951 2164 gationen des Meſeritzer Kreiſes gezogen worden:
4299 2160 4579 2204 Ⅰ. Emiſſion.
3917 2203 4570 2252 Littera B. zu 300 ℳ 20 Stück:
3967 2242 4952 2292 Nr. 88 89 90 91 92 93 94 95 96 97 98 100
4014 2295 4739 2335 103 104 105 106 107 108 113 114.
3918 2338 4557 2388 Littera C. zu 150 ℳ 28 Stück:
3967 2383 4950 2427 Nr. 59 176 177 178 180 181 182 183 185 186
4021 2429 4951 2471 190 192 194 195 196 197 198 199 200 201
4016 2476 4738 2517 202 203 204 205 209 210 211 212.
3920 2524 4546 2570 Littera D. zu 75 ℳ 92 Stück:
3969 2566 4949 2610 Nr. 293 1061 1063 1064 1065 1066 1068 1069
4020 2612 4950 2654 1072 1073 1074 1075 1076 1077 1078 1088
4021 2656 4950 2700 1089 1090 1091 1092 1093 1094 1096 1097
4022 2703 4950 2745 1098 1102 1105 1106 1107 1108 1114 1115
4022 2747 4948 2791 1116 1118 1119 1120 1121 1122 1123 1127
4021 2792 4949 2836 1128 1129 1130 1131 1132 1133 1134 1135
4020 2839 4950 2882 1136 1137 1138 1139 1140 1142 1144 1145
4022 2884 4951 2927 1146 1147 1148 1149 1150 1151 1153 1154
4022 2928 4951 2972 1155 1157 1164 1167 1168 1169 1171 1172
4019 2976 4949 3017 1174 1175 1176 1177 1178 1180 1181 1182
4019 3022 4947 3063 1184 1186 1187 1188 1189 1191 1192 1193
4018 3071 4458 3108 1194 1195 1197 1198.
4286 3115 4581 3160 ⅠⅠ. Emiſſion.
3916 3161 4542 3208 Littera D. zu 75 ℳ 36 Stück:
3966 3204 4949 3248 Nr. 1206 1207 1208 1209 1210 1213 1214 1215
4018 3249 4949 3290 1216 1217 1218 1219 1220 1221 1223 1224
4018 3295 4948 3336 1225 1227 1232 1233 1234 1235 1236 1238
4018 3340 4949 3381 1240 1241 1242 1243 1247 1248 1249 1250
4014 3389 4454 3426 1252 1254 1256 1259.
4278 3432 4590 3476 ⅠⅤ. Emiſſion.
3912 3477 4586 3524 Littera B. über 600 ℳ 1 Stück:
3958 3522 4089 3564 Nr. 1.
3916 3564 4576 3612 Littera C. über 300 ℳ 4 Stück:
3964 3609 4320 3663 Nr. 14 16 22 28.
3916 3657 4582 3698 Littera D. über 120 ℳ 5 Stück:
3964 3704 4455 3745 Nr. 15 17 109 114 125.
4014 3747 4713 3796 Außerdem ſind noch nicht eingelöſt:
3918 3792 4856 3840 aus der Verlooſung vom 25. September 1876:
3966 3835 4865 3880 Littera B. Nr. 58 1. Emiſſion über 300 ℳ,
3953 3881 4950 3934 Littera C. Nr. 90 109 110 122 Ⅰ. Emiſſion über
4014 3931 4217 3976 je 150 ℳ
3964 3972 4950 4022 Littera D. Nr. 2005 2007 2053 ⅠⅠ. Emiſſion über
4002 4022 4196 4067 je 75 ℳ;
3919 4063 4777 4109 aus der Verlooſung vom 4. Oktober 1877:
3960 4108 4949 4154 Littera B. Nr. 64 65 80 83 86 87 Ⅰ. Emiſſion
4015 4156 4337 4207 über je 300 ℳ,
3969 4199 4947 4243 Littera C. Nr. 144 146 152 157 234 236 Ⅰ. Emiſ⸗
4014 4246 4430 4294 ſion über je 150 ℳ,
3965 4289 4949 4330 Littera D. Nr. 878 879 883 893 911 926 1005
4021 4334 4951 4375 1034 1035 1038 1049 1052 1054 1055 1060
4021 4375 4752 4429 1080 Ⅰ. Emiſſion über je 75 ℳ und
3967 4422 4950 4465 Littera D. Nr. 1703 1707 1746 1752 1774 1775
4015 4470 4552 4517 ⅠⅠ. Emiſſion über je 75 ℳ
3968 4514 4677 4563 Meſeritz, den 27. September 1878.
4151 4559 4721 4607 Der Königliche Landrath.
4233 4604 4634 4649 v. Dziembowski.
3916 4743 4048 4790 [9879]
4221 4743 4667 4812 Bekanntmachung.
3965 4817 4949 4866 In der heute ſtattgehabten Verlooſung der
3917 4863 4950 4913 Obligationen des Nieder⸗Oderbruchs wurden
3917 4910 4466 4958 folgende Nummern gezogen:
4014 4952 4812 4993 Litt. A. über 1000 ℳ Nr. 23 und 125.
4014 4993 4948 5047 Litt. B. über 500 ℳ Nr. 83 101 123 und 127.
3967 5042 4949 5090 Dieſe Obligationen werden auf Grund des Aller⸗
3918 5087 4950 5136 höchſten Privilegiums vom 4. Dezember 1876 den
3916 5135 4313 5182 Inhabern gekündigt.
3965 5174 4949 5223 Die Rückzahlung erfolgt vom 1. April 1879 ab
3916 5220 4890 5267 bei der Nieder⸗Oderbruchs⸗Deichkaſſe zu Wriezen.
3966 5265 4951 5315 Der Betrag etwa fehlender Coupons wird bei
3916 5310 4818 5363 der Zahlung des Kapitals in Abzug gebracht.
3966 5357 4606 5407 Wriezen, den 29. Auguſt 1878.
4195 5402 4677 5452 Der Deichhauptmann.
4252 5445 4622 5490 von Roſenſtiel.
3920 5594 4046 5640 [9997]
4221 5592 4665 5663 Bekanntmachung,
3921 5662 4952 5721 die Ausgabe neuer Zinsbogen zu den Königl.
3925 5712 4951 5760 Sächſiſchen 5 % Staatsſchulden⸗Kaſſenſcheinen
4131 5757 4755 5805 vom Jahre 1867 betreffend.
3972 5801 4950 5848 Den Inhabern von 5 % Staatsſchulden⸗Kaſſen⸗
3927 5845 4955 5893 ſcheinen der oben bezeichneten Anleihe wird hiermit
3925 5890 4952 5939 bekannt gegeben, daß die Aushändigung neuer Zins⸗
3925 5934 4951 5984 bogen gegen Rückgabe der unter dem 1. Dezember
3929 5979 4953 6029 1872 ausgefertigten mit dem Termine 31. Dezember
3931 6027 4424 6072 1878 ablaufenden Talons
4193 6069 4696 6114 vom 1. April 1879 an
3926 6112 4953 6158 bei der Staatsſchulden⸗Buchhalterei zu Dresden
3925 6162 4243 6206 ſtattfinden wird.
3974 6203 4642 6248 Dresden, den 3. Dezember 1878.
3927 6246 4956 6296 Der Landtagsausſchuß zur Verwaltung der
4272 6293 4612 6337 Staatsſchulden.
4164 6335 4736 6385 Dr. jur. Minckwitz.
6616 442 7917 585 Dritte Beilage
5371 575 9164 793 zum Deutſchen Reichs⸗Anzeiger und Königlich Preußiſchen Staats⸗Anzeiger.
5143 810 5422 904 No. 1.
6668 776 7808 871 Berlin, Donnerſtag, den 2. Januar
9104 750 9403 824 1879.
5423 884 9406 994 Der Inhalt dieſer Beilage, in welcher auch die im §. 6 des Geſetzes über den Markenſchutz, vom 30. November 1874, ſowie die in dem Geſetz, betreffend das Urheberrecht an Muſtern und
5144 932 9142 1046 Modellen, vom 11. Januar 1876, und die im Patentgeſetz, vom 25. Mai 1877, vorgeſchriebenen Bekanntmachungen veröffentlicht werden, erſcheint auch in einem beſonderen Blatt unter dem Titel
5285 979 9396 1190 Central⸗Handels⸗Regiſter für das Deutſche Reich. (Nr. 1.)
5350 1158 7245 1236 Das Central⸗Handels⸗Regiſter für das Deutſche Reich kann durch alle Poſt⸗Anſtalten, ſowie
5149 1203 7246 1287 durch Carl Heymanns Verlag, Berlin, W., Mauerſtraße 63—65, und alle Buchhandlungen, für Berlin
5149 1271 6532 1333 auch durch die Expedition: SW., Wilhelmſtraße 32, bezogen werden.
7531 1126 9410 1207 Das Central⸗Handels⸗Regiſter für das Deutſche Reich erſcheint in der Regel täglich. — Das
7329 1171 9415 1243 Abonnement beträgt 1 ℳ 50 ₰ für das Vierteljahr. — Einzelne Nummern koſten 20 ₰. —
7330 1235 8535 1294 Inſertionspreis für den Raum einer Druckzeile 30 ₰.
5161 1391 6189 1446 Die Entwickelung des Muſterregiſters
5151 1441 6187 1503 im Dezember 1878 und im Jahre 1878.
5203 1502 6191 1564 Im Dezember 1878 ſind folgende Eintra⸗
5152 1547 6190 1620 gungen aus den Muſterregiſtern im „Reichs⸗
5149 1609 5862 1669 Anzeiger“ ve öſſentlicht worden:
5271 5730 6259 5792 Unter den vorſtehend aufgeführten Gerichten
5221 5780 6261 5847 haben, ſoweit dies hier zu überſehen iſt, die⸗
5220 5830 6262 5896 jenigen zu Croſſen und Poſen im Dezember
5223 5880 6262 5944 1878 zum erſten Male Muſtereintragungen
5221 5944 5504 5996 veröffentlicht.
5276 5993 6265 6056 Ausländer haben auch im Dezember 1878
5224 6041 6265 6107 Muſter, bezw. Modelle nicht niedergelegt, ſo
5225 6095 6267 6157 daß im ganzen Jahre 1878 nur für 10 aus⸗
5225 6142 6268 6208 ländiſche (8 franzöſiſche, 1 großbritanniſches
5227 6189 6270 6252 und 1 nordamerikaniſches) im Deutſchen Reich
5228 6241 6270 6310 geſetzlicher Schutz nachgeſucht worden iſt. Ins⸗
5224 6289 6271 6362 geſammt ſind bisher nur 17 ausländiſche
5224 6336 6272 6406 Muſter (12 franzöſiſche, 4 großbritanniſche,
5272 6466 6270 6532 *) Darunter Kollektionen ohne Angabe der Zahl.
6235 1358 7266 1424 1 nordamerikaniſches) im Deutſchen Reich ge⸗
6234 1425 6547 1478 ſchützt worden.
6283 1457 7270 1527 Gegen den Monat November 1878 hat die
6236 1503 7281 1579 Zahl der Gerichte um 5, und die der Urheber
6238 1559 7272 1628 um 18 zugenommen, dagegen hat ſich die der
6239 1605 7272 1678 Muſter, bezw. Modelle um 2454 vermindert,
6239 1654 7272 1727 und zwar haben die Flächenmuſter um 2524 ab⸗
6241 1720 7219 1777 und die der plaſtiſchen um 70 zugenommen.
6292 1761 7274 1831 Im Vergleich zum Monat Dezember 1877
6242 1805 7275 1882 hat ſich die Zahl der Gerichte um 11 vermehrt,
6242 1863 7276 1929 die der Urheber um 11, und die der Muſter,
6242 1906 7278 1981 bezw. Modelle um 1295 (+ 144 plaſtiſche,
6243 1970 7046 2031 — 1439 Flächenmuſter) vermindert.
6292 2015 7280 2087 Im Jahre 1876 ſind (ſeit 1. April) ver⸗
6247 2079 6650 2133 öffentlicht worden:
6303 2374 7286 2443 Die Abnahme von 1877 zu 1878 beträgt
6255 2436 7287 2495 3436, bei den Flächenmuſtern 4772, wogegen
6254 2487 7288 2547 die plaſtiſchen Muſter um 1336 zugenommen
6257 2547 6393 2598 haben.
6308 2578 7290 2642 Die ausländiſchen Muſter bilden von der
6259 2637 6972 2698 Geſammtzahl nur 0,5 pro mille.
6487 2766 7068 2838 Handels⸗Regiſter.
6264 2823 7293 2889 Die Handelsregiſtereinträge aus dem Königreich
6264 2870 7295 2932 Sachſen, dem Königreich Württemberg und
6263 2912 7299 2978 dem Großherzogthum Heſſen werden Dienſtags,
6264 2954 7302 3024 bezw. Sonnabends (Württemberg) unter der Rubrik
6265 3000 7300 3069 Leipzig, reſp. Stuttgart und Darmſtadt
6267 3048 7300 3113 veröffentlicht, die beiden erſteren wöchentlich, die
6599 3102 6972 3154 letzteren monatlich.
6273 3160 7002 3215 Apolda. Bekanntmachung.
6315 3199 7110 3255 Laut Beſchluſſes vom heutigen Tage iſt
6354 3240 7303 3300 Fol. 560 Bd. ⅠⅠ. des hieſigen Handelsregiſters
6269 3304 6487 3349 die Firma:
6419 3334 7159 3391 A. Hauſchel & Comp. in Apolda
6272 3387 6753 3433 und als deren Inhaber:
6362 3419 7307 3475 a. der Gärtner Anton Sebaſtian Hauſchel in
6413 3480 6560 3525 Apolda,
6356 3510 7309 3565 b. der Gärtner Wilhelm Andreas Wiedenbeck daſ.
6276 3568 6668 3617 eingetragen worden.
6324 3606 7002 3662 Apolda, den 23. Dezember 1878.
6478 3650 7109 3707 Großherzogl. Sächſ. Juſtizamt.
6707 3697 6885 3742 Michel.
6281 3793 6971 3856 Berlin. Handelsregiſter
6343 3836 7260 3892 des Könglichen Stadtgerichts zu Berlin.
6326 3881 7315 3941 In unſer Genoſſenſchaftsregiſter, woſelbſt unter
6281 3929 7162 3984 Nr. 82 die hieſige Genoſſenſchaft in Firma:
6387 3971 7209 4026 Berliner Credit⸗ und Disconto⸗Bank
6484 4018 7108 4075 Eingetragene Genoſſenſchaft
6284 4059 7312 4118 vermerkt ſteht, iſt zufolge Verfügung vom 30. De⸗
6283 4109 7155 4167 zember 1878 am ſelbigen Tage eingetragen:
6376 4150 7312 4207 Die Genoſſenſchaft iſt durch die Beſchlüſſe der
6378 4193 7316 4251 Generalverſammlungen vom 7. und 20. De⸗
6379 4240 7317 4306 zember 1878 aufgelöſt worden. Liquidatoren
6377 4301 6470 4347 ſind:
6427 4332 7153 4389 1) der Kaufmann Carl Schaffenius,
6425 4376 7196 4434 2) der Kaufmann Adolph Schaffenius,
6426 4424 7040 4478 3) der Rentier Carl Schröder,
6562 4469 6986 4522 ſämmtlich zu Berlin.
6336 4563 7321 4628 Zufolge Verfügung vom 30. Dezember 1878 ſind
6291 4615 7320 4668 am 31. Dezember 1878 folgende Eintragungen er⸗
6293 4674 6400 4711 folgt:
6338 4691 7327 4764 In unſer Geſellſchaftsregiſter, woſelbſt unter
6289 4744 7321 4805 Nr. 2500 die hieſige Handelsgeſellſchaft in Firma:
6562 4793 7058 4847 F. L. Böhler & Sohn
6295 4843 6901 4893 vermerkt ſteht, iſt eingetragen:
6347 4875 7323 4939 Die Firma der Geſellſchaft iſt in Böhler & Wild
6295 4941 6465 4988 geändert.
6343 4962 7325 5026 Die vorgenannte Handelsgeſellſchaft hat dem
6297 5010 7326 5078 Friedrich Otto Förſter zu Berlin Prokura ertheilt,
6298 5056 7328 5119 und iſt dieſelbe in unſer Prokurenregiſter unter
6297 5098 7326 5161 Nr. 4154 eingetragen, dagegen in demſelben bei
6298 5156 6853 5205 Nr. 1501 vermerkt worden:
6393 5186 7336 5251 Die Prokura des Förſter iſt wegen Verände⸗
6392 5233 7329 5291 rung der Geſellſchaftsfirma hier gelöſcht und
6393 5276 7328 5339 übertragen nach Nr. 4154 des Prokuren⸗
6393 5341 6560 5388 regiſters.
6346 5408 7323 5476 In unſer Geſellſchaftsregiſter, woſelbſt unter
6301 5455 7170 5518 Nr. 2520 die Handelsgeſellſchaft in Firma:
6655 5505 6971 5555 Eduard Sachs
6303 5558 6933 5607 vermerkt ſteht, iſt eingetragen:
6396 5589 7338 5655 Die Zweigniederlaſſung in Metz iſt aufgehoben
6343 5690 7335 5754 In unſer Geſellſchaftsregiſter, woſelbſt unter
6306 5729 7335 5794 Nr. 6534 die hieſige Kommanditgeſellſchaft in
6307 5801 6454 5846 Firma:
6630 5831 7022 5887 Guttmann & Co.
6315 5881 6927 5928 vermerkt ſteht, iſt eingetragen:
6401 5911 7346 5973 Die Kommanditgeſellſchaft iſt durch gegenſeitige
6403 5955 7341 6016 Uebereinkunft aufgelöſt. Der Kaufmann David
6406 5994 7339 6061 Guttmann zu Berlin iſt zum alleinigen Liqui⸗
6407 6060 6689 6104 dator ernannt.
6358 6135 7342 6198 Die Geſellſchafter der hierſelbſt unter der Firma:
6628 6187 7032 6237 Gerſon Krotowski
6316 6220 7351 6284 am 1. Januar 1870 begründeten Handelsgeſellſchaft
6411 6267 7269 6335 (jetziges Geſchäftslokal: Leipzigerſtraße 90)
6317 6327 6692 6377 ſind die Kaufleute:
6413 6370 6844 6419 1) Gerſon Krotowski,
6408 6414 6900 6462 2) Alexander Krotowski,
6525 6455 6861 6505 Beide zu Berlin.
7361 1340 8336 1395 Dies iſt in unſer Geſellſchaftsregiſter unter
7312 1391 7891 1440 Nr. 6791 eingetragen worden.
7361 1473 8336 1529 In unſer Firmenregiſter, woſelbſt unter Nr.
7316 1525 7971 1576 11,239 die Handlung in Firma:
7670 1569 7988 1617 Davids & Co.
7316 1607 8339 1666 mit ihrem Sitze zu Hannover und einer Zweignie⸗
7316 1654 8339 1709 derlaſſung in Berlin vermerkt ſteht, iſt eingetragen:
7401 1692 8342 1754 Der Kaufmann Carl Weiß zu Hannover iſt in
7411 1742 8342 1798 das Handelsgeſchäft des Fabrikanten Georg
7404 1781 8344 1844 Heinrich Theodor Davids zu Hannover als Ge⸗
7408 1831 8343 1888 ſellſchafter eingetreten; die hierdurch entſtan⸗
7414 1877 8346 1932 dene Handelsgeſellſchaft, welche die bisherige
7416 1921 8345 1980 Firma beibehalten hat, iſt nach Nr. 6792 des
7418 1968 8209 2022 Geſellſchaftsregiſters übertragen worden.
7372 2011 8348 2065 Demnächſt iſt in unſer Geſellſchaftsregiſter unter
7325 2065 7745 2111 Nr. 6792 die Firma:
7682 2106 7992 2148 Davids & Co.
7327 2145 8351 2200 mit ihrem Sitze zu Hannover und einer Zweig⸗
7329 2190 8351 2246 niederlaſſung in Berlin und es ſind als deren Geſell⸗
7329 2231 8353 2294 ſchafter die beiden Vorgenannten eingetragen worden.
7378 2279 8353 2336 Die Geſellſchaft hat am 12. Dezember 1878 be⸗
7332 2349 7469 2382 gonnen.
7375 2425 8358 2488 Die Geſellſchafter der hierſelbſt unter der Firma:
7693 2468 8005 2523 Cohn & Sello
7335 2509 8365 2575 am 24. Dezember 1878 begründeten Handelsgeſell⸗
7333 2572 7438 2618 ſchaft
7408 2604 8294 2664 (jetziges Geſchäftslokal: Spandauerſtraße 63)
7339 2660 7710 2709 ſind die Kaufleute:
7431 2703 7747 2751 1) Jacob Cohn,
7430 2747 7816 2798 2) Hermann Sello,
7546 2785 7888 2840 Beide zu Berlin.
7390 2827 8364 2884 Dies iſt in unſer Geſellſchaftsregiſter unter Nr.
7344 2882 7830 2930 6793 eingetragen worden.
7395 2974 8367 3039 Die Geſellſchafter der hierſelbſt unter der Firma:
7610 3019 8104 3068 A. Neander & Comp.
7349 3064 8372 3121 am 23. Dezember 1878 begründeten Handelsgeſellſchaft
7417 3110 8306 3170 (jetziges Geſchäftslokal: Waldemarſtraße 31)
7346 3165 7717 3220 ſind die Kaufleute:
7438 3195 8228 3259 1) Ferdinand Heinrich Arthur Neander,
7440 3246 8112 3303 2) Carl Wilhelm Heinrich Haake,
7554 3296 7892 3345 Beide zu Berlin.
7401 3329 8379 3390 Dies iſt in unſer Geſellſchaftsregiſter unter Nr.
7357 3387 7851 3436 6794 eingetragen worden.
7403 3485 7990 3538 In unſer Firmenregiſter ſind:
7448 3524 8329 3578 unter Nr. 11,279 die Firma: Emil Meyer
7492 3566 8385 3620 und als deren Inhaberin die Wittwe Bertha
7488 3612 8384 3670 Meyer, geb. Schmiegelsky, hier (jetziges
7494 3661 8154 3715 Geſchäftslokal: Kloſterſtraße 70),
7450 3700 8361 3757 unter Nr. 11,280 die Firma: George Welſch
7494 3747 8385 3799 und als deren Inhaber der Kaufmann
7487 3787 8385 3850 George Welſch, hier (jetziges Geſchäftslokal:
7494 3848 7778 3894 Kurſtraße 50),
7454 3880 8388 3936 unter Nr. 11,282 die Firma: Heinrich Steinthal
7500 3926 8387 3979 und als deren Inhaber der Kaufmann Hein⸗
7497 3969 8388 4037 rich Steinthal hier (jetziges Geſchäftslokal:
7496 4022 8052 4075 Neue Friedrichsſtraße 21 b.),
7456 4062 8278 4116 unter Nr. 11,281 die Firma E. Seidler
7498 4104 8392 4159 und als deren Inhaberin Frau Eugenie Ve⸗
7498 4150 8393 4204 ronica Gertrud Seidler, geb. Nagel, hier
7499 4194 8393 4257 (jetziges Geſchäftslokal: Köpenickerſtraße 112)
7367 4256 7750 4301 eingetragen worden.
7415 4283 8394 4341 Dem Albert Wilhelm Seidler zu Berlin iſt für
7364 4328 8394 4393 letztgenannte Firma Prokura ertheilt und iſt die⸗
7368 4372 8392 4437 ſelbe in unſer Prokurenregiſter unter Nr. 4153 ein⸗
7369 4434 7692 4483 getragen worden.
7415 4517 8392 4580 In unſer Firmenregiſter, woſelbſt unter Nr.
7372 4569 8113 4624 1849 die hieſige Handlung in Firma:
7682 4616 8084 4663 A. Stöhr junior
7373 4664 7969 4714 vermerkt ſteht, iſt eingetragen:
7459 4696 8400 4757 Das Handelsgeſchäft iſt nach dem Tode des
7460 4742 8396 4801 bisherigen Inhabers durch Vertrag auf den
7461 4781 8399 4846 Lederfabrikanten Guſtav Albert Anton Carl
7461 4830 8398 4891 Stöhr zu Berlin übergegangen, welcher daſ⸗
7462 4875 8400 4938 ſelbe unter unveränderter Firma fortſetzt. Ver⸗
7464 4921 8239 4983 gleiche Nr. 11,283 des Firmenregiſters.
7421 4961 8402 5024 Demnächſt iſt in unſer Firmenregiſter unter
7376 5020 7845 5067 Nr. 11,283 die Firma:
7669 5062 8091 5112 A. Stöhr junior
7378 5094 8403 5157 und als deren Inhaber der Lederfabrikant Guſtav
7379 5144 8405 5202 Albert Anton Carl Stöhr hier eingetragen worden.
7427 5237 8408 5304 Der Königliche italieniſche Konſul und Fabrik⸗
7384 5287 8408 5354 beſitzer Dr. Paul Georg Hugo Kunheim zu Berliu
7385 5332 8180 5397 hat für ſein hierſelbſt unter der Firma:
7716 5380 8070 5438 Kunheim & Co.
7387 5421 8408 5487 (Firmenregiſter Nr. 11,268) beſtehendes Handels⸗
7385 5465 8410 5530 geſchäft dem Hermann Beurmann und dem Friedrich
7384 5511 8411 5574 Richard Eugen Benedict Balduin Leſſing, Beide zu
7388 5555 8409 5615 Berlin, Kollektiv rokura ertheilt, und iſt dieſelbe in
7389 5601 8410 5664 unſer Prokurenregiſter unter Nr. 4155 eingetragen,
7388 5644 8410 5709 dagegen in demſelben bei Nr. 3117 vermerkt worden:
7474 5682 8413 5750 Die Prokura des Beurmann und Leſſing iſt
7474 5731 8413 5797 wegen Aenderung des Prinzipals hier gelöſcht
7474 5787 8073 5837 und nach Nr. 4155 übertragen.
7433 5892 7732 5940 Gelöſcht ſind:
7474 5931 7972 5985 Firmenregiſter Nr. 9194:
7522 5968 8119 6033 die Firma: Leonard Meyer.
7474 6021 7985 6074 Firmenregiſter Nr. 9901:
7520 6058 8200 6110 die Firma: Nathan Schönberg.
7478 6107 8034 6162 Prokurenregiſter Nr. 3705:
7522 6134 8417 6204 die Prokura des Michael Heinrich Kernaul
7525 6191 8210 6251 für die Firma: M. S. Kernaul.
7437 6285 8418 6353 Zufolge Verfügung vom 31. Dezember 1878 ſind
7395 6331 8363 6396 am ſelbigen Tage folgende Eintragungen erfolgt:
7437 6373 8420 6438 In unſer Geſellſchaftsregiſter, woſelbſt unter Nr.
7395 6422 8306 6480 5830 die hieſige Hendelsgeſellſchaft in Firma:
8634 1320 9163 1378 Samter & Heymanſohn
8384 1376 8979 1422 vermerkt ſteht, iſt eingetragen:
8476 1409 9416 1469 Die Handelsgeſellſchaft iſt durch gegenſeitige
8478 1463 8931 1510 Uebereinkunft aufgelöſt.
8418 1544 9416 1605 In unſer Firmenregiſter iſt unter Nr. 11,284 die
8386 1604 8527 1650 Firma:
8753 1642 9046 1687 Lonis Runge
8388 1678 9419 1732 und als deren Inhaber der Mechaniker Louis
8389 1730 8979 1782 Alexander Eduard Runge hier
8479 1770 9326 1832 (jetziges Geſchäftslokal: Alexanderſtraße 8)
8393 1824 8771 1873 eingetragen worden.
8441 1913 9422 1972 In unſer Geſellſchaftsregiſter, woſelbſt unter
8394 1958 9421 2013 Nr. 5832 die hieſige Handelsgeſellſchaft in Firma:
8578 2005 9250 2058 Büchenbacher & Abrahamſohn
8398 2056 8997 2102 vermerkt ſteht, iſt eingetragen:
8491 2091 9423 2147 Die Geſellſchaft iſt durch gegenſeitige Ueberein⸗
8493 2136 9425 2193 kunft aufgelöſt. Der Kaufmann Jacob Büchen⸗
8493 2182 9426 2238 bacher ſetzt das Handelsgeſchäft unter der Firma
8494 2226 9427 2287 J. Büchenbacher fort. Vergleiche Nr. 11,285
8495 2280 8882 2329 des Firmenregiſters.
8454 2314 9432 2371 Demnächſt iſt in unſer Firmenregiſter unter Nr.
8407 2371 8771 2420 11,285 die Firma:
8741 2409 9102 2460 J. Büchenbacher
8407 2447 9434 2502 und als deren Inhaber der Kaufmann Jacob
8410 2499 9168 2552 Büchenbacher hier eingetragen worden.
8458 2583 9435 2643 In unſer Geſellſchaftsregiſter, woſelbſt unter
8412 2622 9436 2684 Nr. 1979 die hieſige Handelsgeſellſchaft in Firma:
8717 2677 9130 2734 Alexi & Roſenthal
8415 2727 9014 2775 vermerkt ſteht, iſt eingetragen:
8508 2760 9436 2819 Die Geſellſchaft iſt durch gegenſeitige Ueber⸗
8509 2805 9450 2862 einkunft aufgelöſt. Der Kaufmann Moritz
8507 2846 9449 2911 Roſenthal zu Berlin ſetzt das Handelsgeſchäft
8508 2896 9440 2953 unter der Firma Moritz Roſenthal fort. Ver⸗
8508 2939 9276 3002 gleiche Nr. 11,286 des Firmenregiſters.
8466 2979 9444 3043 Demnächſt iſt in unſer Firmenregiſter unter Nr.
8421 3042 8791 3091 11,286 die Firma:
8741 3078 9127 3126 Moritz Roſenthal
8423 3118 9450 3174 und als deren Inhaber der Kaufmann Moritz
8424 3170 9116 3224 Roſenthal hier eingetragen worden.
8472 3214 9124 3268 Berlin, den 31. Dezember 1878.
8703 3250 9219 3312 Königliches Stadtgericht.
8630 3302 9226 3350 Ⅰ Abtheilung für Civilſachen.
8433 3394 9135 3440 Bielefeld. Bekanntmachung.
8478 3432 9447 3493 In unſer Handelsregiſter iſt am heutigen Tage
8434 3477 9453 3540 eingetragen, zufolge Verfügung vom 21. De⸗
8434 3536 8691 3585 zember 1878:
8525 3566 9456 3623 Nr. 223. P. R. Der Weinhändler Anton
8571 3613 9451 3671 Biermann bier hat ſeinem Sohne Hermann
8571 3656 9453 3711 Biermann für ſein in Bielefeld mit einer
8562 3702 9453 3764 Zweigniederlaſſung in Rüdesheim unter der
8568 3761 8716 3814 Firma:
8798 3798 9099 3839 A. Biermann
8573 3836 9322 3892 beſtehendes Geſchäft Prokura ertheilt.
8483 3879 9380 3943 Zufolge Verfügung vom 23. Dezember 1878:
8529 3925 9462 3983 Nr. 40. F. R. Firma: J. H. Strothotte zu
8575 3983 8771 4026 Bielefeld.
8644 4021 9104 4072 Die Firma iſt gelöſcht.
8486 4063 9192 4119 Bielefeld, den 28. Dezember 1878.
8714 4108 9196 4161 Königliches Kreisgericht.
8442 4192 9467 4248 Bielefeld. In unſer Handelsregiſter iſt am
8442 4240 9466 4301 heutigen Tage eingetragen, zufolge Verfügung vom
8442 4295 8838 4343 30. Dezember 1878:
8528 4320 9469 4384 Nr. 775. F. R. Der Uhrmacher Auguſt
8580 4370 9466 4427 Böckelmann hier iſt alleiniger Inhaber des
8579 4422 9188 4477 zu Bielefeld unter der Firma:
8681 4465 9226 4519 Fritz Böckelmann Wwe.
8581 4513 8999 4564 beſtehenden Geſchäfts.
8489 4553 9196 4610 Bielefeld, den 30. Dezember 1878.
8717 4598 9195 4651 Königliches Kreisgericht.
8437 4679 9468 4749 Bonn. Auf Anmeldung iſt heute sub Nr. 977
8448 4726 9469 4791 des hieſigen Handels⸗ (Firmen⸗) Regiſters einge⸗
8448 4768 9470 4838 tragen worden, daß der zu Bremen wohnende Kauf⸗
8449 4816 9472 4878 mann Carl Ferdinand Ficke, alleiniger Inhaber der
8450 4862 9474 4922 dortſelbſt beſtehenden Firma Rud. Daehr & Comp.
8451 4904 9475 4966 unter der nämlichen Firma zu Königswinter eine
8451 4954 9074 5018 Zweigniederlaſſung errichtet hat.
8497 5002 9134 5056 Bonn, den 31. Dezember 1878.
8702 5044 9232 5096 Der Landgerichts⸗Sekretär.
8873 5096 9069 5135 Donner.
8456 5182 9478 5247 Bonn. Auf Anmeldung iſt heute bei Nr. 849
8455 5226 9477 5293 des hieſigen Handels⸗ (Firmen⸗) Regiſters, woſelbſt
8457 5271 9483 5334 Mathias Joſeph Dornbuſch, Kaufmann zu Sieg⸗
8456 5318 9477 5383 burg, als Inhaber der dortſelbſt beſtehenden Firma
8458 5361 9481 5429 M. J. Dornbuſch eingetragen iſt, die fernere Ein⸗
8458 5406 9480 5472 tragung erfolgt, daß nach dem erfolgten Tode des
8457 5453 9482 5516 bisherigen Inhabers das von ihm unter der ge⸗
8459 5489 9486 5559 nannten Firma geführte Handelsgeſchäft auf deſſen
8459 5537 9484 5604 Benefiziar⸗Erbin Agnes Dornbuſch zu Bonn mit
8458 5588 9482 5649 dem Rechte der Fortführung der bisherigen Firma
8458 5645 8781 5694 übergegangen iſt.
8504 5667 9480 5735 Sodann iſt heute ebendaſelbſt vermerkt worden,
8459 5720 9479 5785 daß die Firma in Liquidation getreten und zum
8461 5757 9481 5829 Liquidator derſelben der zu Siegburg wohnende Carl
8461 5821 9000 5870 Richelmann beſtellt worden.
8508 5859 9153 5913 Bonn, den 31. Dezember 1878.
8699 5901 9247 5953 Der Landgerichts⸗Sekretär.
8879 5954 9074 5992 Donner.
8465 6037 9484 6098 Braunschweig. Im Handelsregiſter für die
8464 6082 9484 6150 hieſige Stadt Ⅴol. ⅠⅠⅠ. Fol. 200 iſt heute die
8464 6150 8608 6196 Firma:
8725 6179 9226 6235 Fr. Jaentſch & Comp.
8834 6228 9127 6273 (Eiſengießerei),
8467 6260 9488 6322 als deren Inhaber die Former Friedrich Jaentſch,
8467 6301 9494 6372 Paul Becker, Wilhelm Förſter, Friedrich Kirchhoff
8469 6348 9494 6409 und Heinrich Reiche, ſämmtlich hierſelbſt, als Ort
8467 6395 9488 6454 der Niederlaſſung Braunſchweig und unter der
5284 1686 5471 1731 Gerichte.
5182 1782 5591 1840 1) Berlin(Stadtg).
5180 1841 5444 1891 2) Meerane
5181 1889 5443 1938 3) Chemnitz
5180 1936 5466 1987 4) Offenbach
5183 1985 5493 2039 5) Stuttgart
5184 2038 5452 2092 6) Iſerlohn
5184 2089 5460 2142 7) Hamburg
5183 2143 5447 2192 8) Barmen
5184 2192 5463 2244 9) Elberfeld
5161 2242 5410 2294 10) Leipzig
5161 2294 5412 2346 11) Crefeld
5162 2344 5603 2393 12) Frankfurt a. M.
5163 2393 5465 2449 13) Glauchau
5164 2449 5408 2496 14) Hanau
5166 2495 5419 2547 15) Apolda
5166 2545 5566 2596 16) Crimmitſchau
5167 2594 5458 2649 17) Dresden
5169 2649 5432 2700 18) Gmünd
5168 2700 5382 2750 19) Greiz
5169 2749 5480 2799 20) Hannover
5171 2798 5522 2853 21) Klingenthal
5170 2852 5429 2903 22) Liegnitz
5171 2902 5526 2951 23) Lüdenſcheid
5174 2951 5475 3000 24) München
5174 3000 5482 3053 25) Nürnberg
5174 3054 5452 3104 26) Oederan
5175 3104 5444 3156 27) Oelsnitz
5175 3156 5468 3200 28) Schwelm
5177 3201 5406 3256 29) Aalen
5178 3257 5404 3303 30) Achim
5179 3303 5426 3354 31) Altona
5177 3354 5490 3406 32) Annaberg
5181 3406 5405 3453 33) Bonn
5182 3453 5586 3506 34) Braunſchweig
5183 3504 5468 3558 35) Bremen
5184 3558 5442 3608 36) Croſſen
5185 3608 5430 3657 37) Deſſau
5185 3657 5524 3707 38) Dillenburg
5185 3708 5514 3756 39) Düſſeldorf
5183 3755 5405 3809 40) Forſt
5184 3809 5410 3863 41) Fürth
5185 3863 5417 3913 42) Fulda
5185 3913 5436 3958 43) Gießen
5187 3958 5566 4008 44) M.⸗Gladbach
5187 4009 5422 4061 45) Gotha
5188 4062 5404 4114 46) Greiz
5189 4111 5565 4162 47) Großenhain
5191 4161 5560 4216 48) Großſchönau
5191 4215 5488 4265 49) Harburg
5194 4261 5541 4312 50) Hohenſtein⸗
5283 4311 5504 4361 Ernſtthal
5195 4361 5455 4416 51) Itzehoe
5196 4416 5514 4461 52) Karlsruhe
5197 4467 5394 4511 53) Leer
5198 4514 5462 4564 54) Lörrach
5198 4563 5602 4612 55) Lüdinghauſen
5199 4613 5450 4666 56) Mainz
5201 4666 5535 4709 57) Mannheim
5202 4710 5543 4766 58) Mülhauſen
5203 4764 5661 4813 59) Neuhaldensleben
5203 4813 5461 4865 60) Norden
5203 4865 5512 4917 61) Oberſtein
5205 4917 5533 4967 62) Oldenburg
5208 4967 5526 5015 63) Pforzheim
5205 5015 5436 5065 64) Poſen
5207 5065 5517 5118 65) Pulßnitz
5208 5117 5571 5171 66) Reichenbach.
5207 5171 5650 5222 67) Rotenburg an
5367 5217 5588 5263 der Fulda
5211 5263 5464 5316 68) Sayda
5209 5317 5509 5369 69) Schalkau
5214 5368 5596 5417 70) Scheibenberg
5214 5420 5432 5469 71) Soeſt
5215 5468 5555 5519 72) Sonneberg
5215 5520 5481 5568 73) Triberg
5217 5567 5477 5621 74) Wetzlar
5218 5621 5464 5674 75) Zittau
5354 5675 5597 5734 Zuſammen
5625 1682 5690 1721 Ur⸗
5603 1726 5712 1772 heber.
5646 1786 5699 1824 40
5646 1837 5698 1876 28
5675 1887 5700 1926 9
5677 1938 5701 1975 7
5672 1988 5697 2026 7
5678 2039 5704 2077 6
5679 2089 5704 2128 5
5678 2138 5709 2183 4
5677 2189 5710 2234 4
5676 2238 5707 2283 4
5683 2293 5708 2330 3
5680 2342 5711 2386 3
5685 2394 5709 2432 3
5686 2444 5710 2482 3
5684 2489 5712 2539 2
5684 2542 5714 2588 2
5681 2587 5713 2639 2
5690 2646 5715 2684 2
5690 2694 5725 2741 2
5691 2740 5717 2790 2
5692 2797 5717 2835 2
5693 2848 5719 2886 2
5694 2897 5722 2943 2
5695 2948 5726 2993 2
5692 2999 5724 3044 2
5690 3043 5725 3095 2
5686 3095 5723 3148 2
5694 3143 5725 3194 2
5698 3201 5722 3252 1
5701 3252 5724 3290 1
5703 3302 5726 3340 1
5702 3353 5726 3390 1
5701 3403 5725 3441 1
5705 3454 5728 3491 1
5705 3504 5728 3542 1
5706 3555 5730 3593 1
5680 3606 5728 3643 1
5708 3655 5731 3693 1
5708 3706 5731 3744 1
5707 3756 5729 3794 1
5707 3807 5731 3845 1
5712 3857 5735 3895 1
5711 3907 5734 3946 1
5710 3958 5734 3996 1
5712 4009 5734 4046 1
5711 4059 5735 4096 1
5713 4109 5736 4147 1
5713 4159 5737 4197 1
5710 4209 5733 4247 1
5713 4310 5737 4348 1
5717 4360 5741 4398 1
5717 4411 5740 4449 1
5721 4461 5744 4500 1
5719 4513 5743 4550 1
5721 4562 5744 4601 1
5722 4613 5746 4651 1
5723 4664 5746 4702 1
5718 4707 5755 4759 1
5724 4765 5747 4802 1
5725 4815 5749 4852 1
5727 4865 5750 4903 1
5726 4915 5749 4954 1
5726 4966 5750 5004 1
5728 5015 5752 5055 1
5730 5067 5754 5105 1
5729 5117 5753 5155 1
5731 5218 5755 5255 1
5731 5267 5756 5306 1
5732 5318 5756 5356 1
5733 5368 5757 5407 1
5732 5419 5757 5456 1
5734 5469 5758 5507 1
5734 5518 5758 5556 1
5735 5568 5759 5606 1
5729 5610 5762 5661 1
5683 5680 5760 5720 201
5719 1676 5872 1724 Muſter,
5721 1724 5881 1769 bz. Mod.
5778 1783 5854 1822 526
5774 1834 5851 1873 896
5779 1883 5857 1923 267
5806 1934 5857 1974 20
5802 1984 5853 2025 25
5783 2036 5858 2075 103
5808 2087 5858 2126 29
5807 2138 5858 2176 82
5808 2188 5860 2226 82
5812 2238 5864 2277 68
5815 2289 5862 2327 15
5799 2340 5863 2391 72
5790 2391 5866 2429 184
5816 2441 5865 2480 33
5816 2491 5866 2531 25
5816 2542 5867 2581 23
5844 2592 5868 2630 3
5819 2642 5871 2681 48
5820 2693 5872 2731 43
5812 2742 5877 2784 40
5845 2794 5877 2837 2
5850 2844 5875 2882 6
5851 2895 5874 2933 1
5847 2938 5877 2989 9
5843 2988 5882 3041 2
5827 3046 5878 3085 27
5825 3097 5874 3136 21
5854 3148 5878 3186 9
5855 3198 5877 3236 1
5855 3249 5880 3287 5
5857 3300 5883 3338 2
5858 3341 5885 3391 7
5813 3399 5882 3443 27
5859 3450 5885 3489 2
5836 3501 5886 3539 12
5862 3552 5885 3590 1
5859 3602 5886 3640 8
5838 3652 5887 3691 13
5838 3703 5888 3741 38
5837 3753 5888 3792 23
5865 3803 5889 3842 1
5864 3853 5893 3892 4
5867 3905 5890 3943 1
5838 3954 5891 3993 22
5868 4004 5892 4043 5
5867 4056 5892 4094 7
5868 4106 5893 4144 3
5843 4156 5894 4194 33
5868 4206 5890 4245 1
5869 4306 5894 4344 2
5873 4357 5896 4395 1
5848 4407 5898 4446 10
5876 4458 5899 4496 1
5850 4509 5900 4547 10
5865 4550 5905 4603 2
5851 4609 5902 4649 26
5878 4659 5902 4698 5
5848 4704 5909 4756 18
5871 4753 5912 4804 4
5879 4811 5905 4850 2
5882 4861 5907 4900 3
5881 4912 5905 4950 1
5857 4962 5907 5001 18
5884 5013 5907 5050 1
5860 5062 5910 5101 17
5852 5115 5912 5162 34
5885 5213 5911 5251 2
5887 5264 5910 5302 1
5887 5314 5911 5352 1
5862 5365 5913 5404 32
5888 5415 5912 5453 1
5889 5464 5914 5503 5
5890 5515 5912 5554 1
5886 5558 5923 5610 2
5864 5616 5916 5665 50
5815 5678 5916 5718 3129
5963 1666 6085 1715 davon
5890 1720 6193 1768 plaſt. Flächenm.
5906 1781 5984 1820 279
5907 1838 6009 1876 —
5936 1882 5985 1920 11
5936 1933 5988 1971 13
5932 1982 5984 2022 17
5938 2034 5989 2073 37
5933 2084 5994 2132 28
5963 2135 5986 2173 1
5938 2186 5990 2224 10
5966 2236 5992 2274 9
5943 2286 5994 2325 10
5941 2333 6034 2384 69*)
5907 2389 6024 2427 —
5945 2439 5996 2478 10
5945 2482 6002 2533 24
5973 2539 5998 2577 3
5974 2589 6024 2631 3
5947 2639 6001 2678 48
5906 2693 6008 2730 —
5951 2740 6002 2779 39
5975 2791 6005 2832 2
5949 2844 6009 2880 —
5982 2892 6005 2930 1
5980 2943 6006 2980 9
5983 2993 6008 3031 2
5947 3042 6016 3080 —
5912 3091 6017 3133 —
5985 3145 6010 3182 6
5986 3195 6009 3233 1
5986 3245 6011 3283 5
5922 3296 6022 3337 —
5922 3347 6022 3388 —
5956 3397 6017 3433 —
5985 3439 6019 3490 2
5921 3498 6022 3540 —
5992 3548 6016 3586 1
5919 3599 6027 3640 —
5966 3648 6017 3687 13
5930 3700 6023 3737 —
5930 3749 6023 3789 —
5996 3800 6019 3838 1
5966 3851 6029 3892 —
5997 3901 6020 3939 1
5965 3948 6029 3990 —
5967 4002 6027 4043 —
5968 4055 6033 4094 —
5928 4105 6034 4144 —
5967 4153 6033 4193 —
5920 4206 6022 4242 —
5971 4294 6031 4346 —
6004 4354 6027 4391 1
5979 4405 6030 4443 10
6005 4455 6028 4493 1
5926 4508 6029 4546 —
6002 4550 6037 4600 2
5981 4606 6034 4645 26
5924 4662 6025 4695 —
5971 4707 6034 4748 —
6007 4757 6036 4795 4
6002 4808 6037 4847 2
6013 4858 6038 4897 3
6014 4909 6037 4947 1
5987 4959 6038 4998 18
6015 5009 6038 5047 1
5982 5060 6036 5100 —
5986 5114 6047 5160 —
6006 5199 6048 5254 2
6017 5260 6042 5299 1
6018 5311 6042 5349 1
5986 5360 6047 5400 —
6019 5412 6043 5450 1
6013 5454 6048 5507 5
6021 5513 6045 5551 1
6019 5563 6046 5602 2
5962 5615 6068 5657 —
5970 5676 6048 5715 739
6064 1778 6144 1818 247
6059 1829 6142 1868 896
6065 1878 6146 1920 256
6123 1930 6146 1968 7
6116 1979 6184 2030 8*)
6096 2033 6150 2071 66
6124 2083 6148 2121 1
6093 2134 6146 2172 81
6098 2184 6151 2222 72
6100 2234 6152 2273 59
6102 2284 6154 2323 5
6129 2335 6155 2374 3
6076 2385 6157 2425 184
6103 2436 6157 2475 23
6133 2486 6156 2524 1
6097 2536 6159 2575 20
6104 2589 6176 2631 —
6105 2641 6177 2676 —
6108 2687 6162 2727 43
6139 2738 6162 2776 1
6106 2790 6180 2830 —
6140 2839 6165 2877 6
6048 2889 6184 2931 —
6048 2940 6188 2977 —
6108 2989 6189 3029 —
6116 3041 6167 3080 27
6117 3091 6167 3131 21
6145 3142 6169 3180 3
6112 3189 6192 3232 —
6115 3244 6194 3281 —
6144 3283 6182 3335 2
6149 3343 6174 3381 7
6122 3393 6173 3433 27
6056 3443 6196 3485 —
6126 3495 6176 3534 12
6061 3547 6198 3586 —
6150 3585 6181 3638 8
6121 3645 6201 3685 —
6127 3696 6180 3735 38
6128 3746 6179 3785 23
6126 3795 6199 3836 —
6146 3841 6191 3894 4
6068 3899 6202 3935 —
6132 3948 6183 3988 22
6159 3998 6183 4037 5
6159 4049 6184 4087 7
6159 4100 6184 4139 3
6135 4150 6185 4189 33
6158 4196 6224 4246 1*)
6159 4294 6192 4344 2
6129 4352 6212 4393 —
6135 4404 6189 4441 —
6132 4449 6209 4492 —
6140 4502 6190 4540 10
6069 4557 6212 4593 —
6065 4605 6211 4650 —
6168 4653 6192 4691 5
6141 4696 6196 4748 18
6075 4759 6219 4795 —
6141 4806 6219 4845 —
6082 4858 6220 4897 —
6144 4910 6219 4947 —
6142 4958 6219 4995 —
6147 5011 6198 5032 —
6150 5056 6200 5095 17
6148 5109 6222 5162 34
6148 5198 6200 5249 —
6145 5261 6221 5296 —
6077 5307 6209 5347 —
6152 5358 6201 5398 32
6085 5411 6205 5449 —
6092 5461 6206 5499 —
6148 5511 6214 5547 —
6148 5559 6217 5599 —
6151 5605 6212 5656 50
6102 5672 6207 5713 2390
6247 2124 6698 2183 Muſter bzw. Modelle:
6251 2237 6371 2276 1877:
6251 2288 6374 2326 1878:
6278 2346 6375 2395 zuſ.:
6416 2180 6553 2223 12 759
6413 2234 6553 2273 53 468
6417 2284 6558 2323 50 032
6393 2345 6556 2385 116 259
6723 2122 6933 2175 plaſtiſche:
6758 2175 6899 2218 (2 660
6758 2218 6898 2271 (8 343
6719 2271 6912 2332 (9 679
6737 2338 6902 2381 (20 682
6959 2113 7280 2172 Flächenmuſter:
7039 2161 7214 2210 10 099),
7037 2209 7216 2263 45 125),
7035 2262 7217 2323 40 353),
7042 2328 7215 2371 95 577).
