10104 7016
765 290 1447 348 Danzig, 17. Mai. (W. T. B.)
769 346 2075 398 Getreidemarkt. Weizen loco flau. Umsatz 150 Ton-
670 393 2075 449 nen. Bunt und hellfarbig, mehr oder weniger ausgewachsen
675 437 2075 496 —, hellbunt 190,00 bis 198,00, hochb. u. glasig 204,00 pr. April-Mai
672 479 2073 542 Transit 205,00, pr. September-Oktober Transit 195,00. Roggen
672 526 2074 581 fest, loco inländ. pr. 120 Pfd 196,00, polnischer oder russischer
678 572 2071 635 Transit 190, do. pr. September-Oktober Transit 165,00, do. pr.
675 618 2071 672 Oktober-November Transit 160,00. Kleine Gerste loco 135,00.
673 663 2072 718 Grosse Gerste loco 150,00. Hafer loco 160,00. Erbsen loco
673 706 1612 762 —. Spiritus pr 10,000 Liter % loco 54,50.
766 751 1436 805 Stettin, 17. Mai. (W. T. B.)
766 798 2070 860 Getreidemarkt. Weizen pr. Frühjahr 218,00, pr. Mai-
672 842 2069 907 Juni 216,00, pr. Herbst 206,00. Roggen pr. Frühjahr 204,00,
669 888 2068 947 pr. Mai-Juni 2 0,00, pr. Herbst 171,00, Rübsen pr. Herbst 260,00.
668 933 2069 993 Rüböl 100 Kilogr. pr. Frühjahr 53,00, pr. Septbr.-Oktober 55,00.
671 979 2067 1043 Spiritus loco 54,40, pr. Frühjahr 55,40, pr. Mai-Juni 55,30,
667 1026 1691 1081 per Juni-Juli 55,80. Petroleum pr. Herbst 8,40.
763 1070 1416 1124 Posen, 17. Mai. (W. T. B.)
766 1117 2063 1180 Spiritus pr. Mai 54,30, pr. Juni 54,80, pr. Juli 55,40, pr.
668 1161 1489 1210 August 55,80. Gek. 5000 Liter. Fest.
765 1206 1377 1260 Cöln, 17. Mai. (W. T. B.)
765 1254 2066 1310 Getreidemarkt. Weizen hiesiger loco 23,25, fremder loco
667 1296 2067 1361 23,00, pr. Mai 22,70, pr. Juli 22,40, pr. November 21,00. Roggen
668 1344 2055 1401 loco 23,00, pr. Mai 21,60, pr. Juli 20,55. pr. November 17,85
667 1389 2065 1451 Hafer loco 16,50. Rüböl loco 28,80, pr. Mai 28,50, pr. Oktober 28,90.
762 1436 1470 1494 Bremen, 17. Mai, (W. T. B.)
762 1482 2064 1536 Petroleum (Schlussbericht) fest. Standard white loco
669 1524 2016 1583 7,65, pr. Juni 7,75, pr. August-Dezember 8,25. Alles bezahlt.
764 1573 1515 1626 Hamburg, 17. Mai. (W. T. B.)
762 1621 2065 1675 Getreidemarkt. Weizen loco unverändert, auf Termine
663 1664 1796 1722 ruhig. Roggen loco unverändert, auf Termine ruhig.
762 1711 2064 1771 Weizen pr. Mai 214,00 Br., 213,00 Gd., pr. Juli-Angust
667 1752 2063 1818 212,00 Br., 211,00 Gd. Roggen pr. Mai 206,00 Br., 204,00 Gd., pr.
665 1801 2062 1866 Juli-August 186,00 Br., 185,00 Gd. Hafer und Gerste unverändert.
664 1845 2063 1907 Rüböl matt, loco 54,50, pr. Mai 54,50. Spiritus fester, pr. Mai
664 1891 2073 1955 46 ½ Br., pr. Juni-Juli 46 ¾ Br., pr. Juli-August 47 Br., pr. August-
666 1938 2062 1992 September 47 ¼ Br. Kaffee matt, Umsatz 1500 Sack. Petroleum
663 1984 2062 2047 still, Standard white loco 7,55 Br., 7,45 Gd., pr. Mai 7,50 Gd., pr.
662 2030 1630 2076 August-Dezember 8,00 Gd. — Wetter: Schön
756 2075 1364 2125 Pest, 17. Mai. (W. T. B.)
758 2122 2061 2174 Produktenmarkt. Weizen loco flau, auf Termine
664 2171 2060 2218 matt, pr. Herbst 10,57 Gd. 10,60 Br. Hafer pr. Herbst
2149 309 3548 379 6,45 Gd., 6,50 Br. Mais pr. Mai-Juni 5,92 Gd., 5,95 Br. Kohl-
2147 366 2336 409 raps 12 ½.
2240 411 3024 461 Amsterdam, 17. Mai. (W. T. B.
2240 456 3544 514 Getreidemarkt. (Schlussbericht.) Weizen pr. November
2146 498 3076 554 288. Roggen pr. Mai 249, pr. Oktober 210.
2237 548 3033 599 Amsterdam, 17. Mai. (W. T. B.)
2237 593 2546 640 Bancazinn 52 ¼.
2237 639 3030 690 Antwerpen, 17. Mai. (W. T. B)
2239 685 3541 748 Getreidemarkt. (Schlussbericht.) Weizen behauptet.
2152 728 3107 786 Roggen fest. Hafer still Gerste behauptet.
2236 776 3026 825 Antwerpen, 17. Mai. (W. T. B.)
2237 822 3542 885 Petroleummarkt. (Schlussbericht.) Raffinirtes, Type
2144 866 3543 924 weiss, loco 19 ¼ bez. und Br., pr. Juni 19 ½ Br., pr. September
2144 910 3188 967 20 ¾ Br., pr. September-Dezember 21 Br. Ruhig.
2235 957 2979 1007 Liverpool, 17. Mai. (W. T. B.)
2235 1000 3541 1058 Baumwolle (Schlussbericht). Umsatz 12 000 B., davon für
2144 1048 3539 1098 Spekulation und Export 2000 B. Amerikaner fest. Middl.
2141 1094 3541 1153 amerikanische Juni-Juli-Lieferung 5 21/32, Juli-August-Lieferung
2142 1132 2268 1182 6 1/16 d
2232 1185 2991 1236 Liverpool, 17. Mai. (W. T. B.)
2234 1232 3538 1287 Getreidemarkt. Weizen stetig, Mehl ruhig, Mais ½ —1 d.
2140 1275 2693 1319 billiger. — Wetter: Nass.
2230 1322 3030 1373 Manchester, 17. Mai. (W. T. B.)
2235 1368 3536 1420 12r Water Armitage 7 ½, 12r Water Taylor 8, 20r Water
2139 1412 3535 1471 Micholls 8 ⅜, 30r Water Gidlow 9, 30r Water Clayton 9 ¼, 40r
2140 1458 3533 1516 Mule Mayoll 9 ½. 40r Medio Wilkinson 10 ½, 36r Warpcops Qua-
2143 1504 3534 1557 lität Rowland 9 ¾, 40r Double Weston 10 ¼, 60r Double Weston
2142 1548 2997 1600 13 ¾, Printers 16/16 34/50 8 ½ Ppfd. 90. Fest,
2234 1595 2943 1646 Glasgow, 17. Mai (W. T. B.)
2228 1642 3532 1691 Roheisen. Mixed numbers warrants 45 sh. 9 d. bis
2139 1686 2387 1729 45 sh. 8 ½ d.
2228 1733 2836 1780 Hull, 17. Mai. (W. T. B.)
2231 1779 3532 1833 Getreidemarkt. Englischer Weizen unverändert, fremder
2136 1823 2991 1876 ungefähr ½ sh. billiger. Wetter: Regen.
2227 1869 2873 1919 Paris, 17. Mai. (W. T. B.)
2227 1916 3529 1973 Produktenmarkt. Weizen ruhig, pr. Mai 28,60, pr.
2135 1960 3530 2021 Juni 28,60, pr. Juli-August 28 25, pr. September-Dezember 27,25.
2135 2006 3531 2068 Mehl behauptet, pr. Mai 63,50, pr. Juni 63,25, pr. Juli-August
2136 2050 3528 2114 62,00, pr. Sept.-Dezember, 9 Marques, 59,25. Rüböl behauptet,
2135 2098 3529 2157 pr. Mai 74,25, pr. Juni 74,50, pr. Juli-August 75,25, pr. Sep-
2135 2143 3529 2201 tember-Dezember 76,50. Spiritus behauptet, pr. Mai 62,75, pr. Juni
2136 2187 3402 2237 62,50, pr. Juli-August 62,50, pr. September-Dezember 60.00.
3712 328 4364 393 Paris, 17. Mai. (W. T. B.)
3711 386 5024 443 Rohzucker 88° loco ruhig, 60,50 à 60,75. Weisser Zucker
3615 430 5016 494 ſest, Nr. 3 pr. 100 kg pr. Mai 71,25, pr. Juni 71,80, pr. Juli-
3619 476 4469 523 August 71,80, pr. Oktober-Januar 62,75.
3718 520 4617 584 St. Petersbursg, 17. Mai. (W. T. B.)
3712 567 5014 628 Produktenmarkt. Talg loco 55,00, pr. August 55,00.
3617 611 5017 671 Weizen loco 16,60. Roggen loco 13,00. Hafer loco 6,10. Hanf
3616 657 4909 714 loco 32,40. Leinsaat (9 Pud) loco 16,60. — Wetter: Warm.
3711 702 4626 756 Rio de Janeiro, 16. Mai. (W. T. B.)
3712 749 5014 807 Wechselcours auf London 21 ⅛, do. auf Paris 451. Tendenz
3617 792 5013 854 des Kaſfeemarktes: Ruhig. Preis für good first 4500 à 4650.
3615 838 5012 896 Durchschnittliche Tageszufuhr 12 200 Sack. Ansfuhr nach Nord-
3616 881 5012 951 amerika 58 000, do. nach dem Kanal und Nordenropa 22 000,
3614 929 5019 989 do. nach dem Mittelmeer 5500, Vorrath an Kaffes in Rio
3613 973 3903 1015 260 000 Sack.
3708 1021 4472 1078 New-York, 17. Mai. (W. T. B.)
3708 1067 5014 1129 Waarenbericht. Baumwolle in New-Vork 10 9/16, do. in
3614 1110 4993 1171 New-Orleans 10 ¼. Petroleum in New-York 8 Gd., do. in Phila-
3612 1156 5009 1217 delphia 7 ¾ Gd., rohes Petroleum 6 ⅜, do. Pipe line Certificates
3615 1203 5010 1266 — D. 81 C. Mehl 4 D. 60 C. Rother Winterweizen 1 D. 25 C.
3612 1244 5011 1318 Weizen pr. laufenden Monat 1 D. 24 C., do. pr. Juni 1 D. 21 ¾ C.,
3611 1289 5012 1359 do. pr. Juli 1 D. 19 ¼ C. Mais (old mixed) 57 C. Zucker (Fair
3610 1340 5011 1404 refining Muscovados) 7 ⅜. Kaffee (Rio-) 10 ¾. Schmalz (Marke
3611 1385 5013 1454 Wilcox) 11 ¼, do. Fairbanks 11 ¼, do. Rohe & Brothers 11 ⅛. Speck
3606 1429 4426 1486 (short clear) 9 ⅛ C. Getreidefracht 4 ¼.
3982 1526 4631 1572 Eisenbahn-Einnahmen.
3702 1558 5012 1640 Gotha-Ohrdrufer Eisenbahn. April 1881 9098 ℳ (+ 235 ℳ),
3605 1612 4525 1670 bis ult. April 1881 28 513 ℳ (— 1156 ℳ).
3699 1657 5007 1720 Nordhausen-Erfurter Eisenbahn. April 1881 75 899 ℳ
3605 1702 4881 1763 (+ 6284 ℳ), bis ult. April 1881 290 893 ℳ (— 11 171 ℳ).
3700 1749 5004 1820 Saal-Unstrut-Eisenbahn. April 1881 26 269 ℳ (— 2705 ℳ).
3604 1795 4580 1852 bis ult. April 1881 100 440 ℳ (— 11 665 ℳ).
3700 1840 5008 1902 Thüringische Eisenbahn. Stammbahn: April 1881 1 170 354 ℳ
3602 1885 5006 1957 (+ 25 943 ℳ), bis ult. April 1881 4 033 498 ℳ (— 127 171 ℳ);
3604 1933 5004 2001 Gotha-Leinefelder Zweigbahn: April 1881 65 987 ℳ (＋ 1279 ℳ),
3602 1978 5006 2040 bis ult. April 1881 240 185 ℳ (— 9114 ℳ); Gera-Eichichter
3602 2024 4999 2090 Zweigbahn: April 1881 87 481 ℳ (— 224 ℳ), bis ult. April 1881
3602 2068 4151 2122 290 493 ℳ (— 17 757 ℳ)
3966 2121 4646 2171 Generalversammlungen.
3601 2159 5003 2225 28. Mai. Dynamit-Actien-Gesellschaft vormals Alfred Nobel &
3815 2207 4901 2277 Co. Hamburg. Ausserord Gen.-Vers. zu Hamburg.
1457 2267 3113 2331 Wochen⸗Ausweis der Deutſchen Zettelbanken vom 7. Mai 1881.
1837 2310 2707 2369 (Die Beträge lauten auf Lauſende Mark.)
992 3010 1366 3064 Theater
690 3069 1705 3136 Königliche Schauspiele. Donnerſtag: Opern⸗
656 3131 1699 3186 haus. 126. Vorſtellung. Coppelia. Phantaſtiſches
655 3178 1698 3232 Ballet in 3 Aufzügen von Ch. Nuitter und
654 3222 1699 3281 A. Saint⸗Leon. Muſik von Leo Delibes. Für
655 3269 1698 3320 die hieſige Königliche Bühne bearbeitet und
654 3314 1698 3367 in Scene geſetzt von P. Taglioni. Vorher:
655 3361 1699 3417 Gute Nacht, Herr Pantalon! Komiſche Oper
655 3405 1699 3459 in 1 Akt, nach dem Franzöſiſchen des Locroy und de
655 3451 1701 3504 Mervan von J. C. Grünbaum. Muſik von Albert
655 3492 1135 3547 Griſar. Anfang 7 Uhr.
701 3541 1699 3606 Schauſpielhaus. 130. Vorſtellung. Ein Schritt
654 3590 1698 3643 vom Wege! Luſtſpiel in 4 Akten von Ernſt
654 3633 1149 3679 Wichert. Anfang 7 Uhr.
699 3678 1695 3749 Freitag: Opernhaus. 127. Vorftellung. Die Jüdin.
652 3723 1694 3786 Oper in 5 Akten nach dem Franzöſiſchen des Scribe,
652 3770 1694 3829 vom Freiherrn von Lichtenſtein. Muſik von Halévy.
652 3815 1694 3873 Ballet von Hoguet. (Prinzeſſin Eudora: Frl. Abler,
652 3860 1694 3918 vom Landſchaftlichen Theater in Linz, als Gaſt,
651 3908 1692 3964 Recha: Frl. Arnau, vom Stadt⸗Theater in Breslau,
650 3950 1695 4009 als Gaſt, Cardinal: Hr. Greeff, vom Stadt⸗Theater
651 3998 1693 4062 in Nürnberg, als Gaſt, Eleazar: Hr. Scheidweiler,
651 4044 1693 4102 vom Stadt⸗Theater in Augsburg als Gaſt.) Anfang
654 4090 880 4129 halb 7 Uhr.
696 4135 1693 4194 Schauſpielhaus. 131. Vorſtellung. Magdalena.
648 4180 1693 4241 Schauſpiel in 4 Akten von A. Weimar. Anfang
649 4226 779 4264 7 Uhr.
718 4331 1691 4400 Victoria-Theater. Direktion: Emil Hahn.
647 4397 1693 4455 Donnerſtag: (III. und vorletzter Cyclus.) Der
646 4442 1692 4500 Ring des Nibelungen: Die Walküre. Erfter
644 4482 1693 4550 Tag. (In 3 Aufzügen.) Anfang 6 ½ Uhr. Ende gegen
651 4536 797 4572 11 Uhr.
696 4635 1695 4708 Residenz-Theater. Donnerſtag: Zum ſechſten
648 4704 1688 4774 Male: Die Töchter des Generals. (Les petites
649 4747 1688 4805 lionnes.) Schaupiel in 3 Akten von H. Criſafulli
651 4796 1497 4850 und Sipierre. Deutſch von R. Schelcher.
696 4841 1402 4895 Freitag: Das undankbare Alter.
680 4948 1688 5019 Krolls Theater. Donnerſtag: Letztes Gaſtſpiel
642 5013 1685 5069 des Großherzogl. Kammerſängers Hrn. J. v. Witt.
648 5056 1686 5117 „Die weiße Dame“, Oper in 3 Akten von Boildieu.
647 5103 1686 5163 Bei günſtigem Wetter vor und nach der Vorſtellung,
645 5130 1690 5204 Abends bei brillanter Illumination des Sommer⸗
644 5194 1687 5251 gartens: Großes Konzert unter Leitung des Herrn
644 5242 1684 5296 Kéler⸗Bélo. Anfang des Konzerts 5 ½ der Vor⸗
643 5284 962 5329 ſtellung 6 ½ Uhr.
693 5372 1688 5447 National-Theater. Donnerſtag: Letztes
641 5444 1335 5488 Gaſtſpiel Erneſto Roſſt: Kean.
688 5548 1687 5611 Germania-Theater. Donerſtag u. folg. Tage:
641 5614 1686 5668 Gaſtſpiel des Frl. Bonné und des Hrn. L. Thimm:
642 5660 1686 5713 Goldene Berge. Lebensbild mit Geſang in 3 Akten
634 5702 1686 5759 (5 Bildern) von H. Wilken und E. Jacobſon.
638 5750 1051 5794 Muſik von R. Bial.
691 5860 1691 5933 Belle-Alliance-Theater. Donnerſtag: Zum
643 5934 1685 5983 prachtvoll dekorirten Sommergarten. Vor, während
641 5982 1686 6044 und nach der Vorſtellung: Großes Doppel⸗Konzert,
641 6021 1683 6074 ausgeführt von den Kapellen des erſten Garde⸗Feld⸗
639 6065 1682 6120 Artillerie Regiments und des Königlichen Kadetten⸗
636 6111 1679 6170 Corps, unter Leitung der Königlichen Mufikdirektoren
641 6157 1681 6211 Herren Baumgarten und Herold. Auftreten der
644 6200 1680 6266 Tiroler Konzertſänger⸗Geſellſchaft Ludwig Rainer
631 6248 1679 6301 jun. aus Achenfee, beſtehend aus 3 Damen und 5
640 6291 1676 6349 Herren in Nationaltracht), Auftr. des Norddeutſchen
634 6338 1675 6397 Männer⸗Quartetts, Herren Buchmann, Hamacher,
635 6382 1675 6440 Spitzeder und Lindemann. Abends: Brillante
1749 3016 2805 3086 Illumination durch 20 000 Gasflammen. Im
1754 3074 2802 3132 Theater: Zum 49. Male: Hopfenrath's Erben.
1753 3119 2799 3177 Volksſtück mit Geſang in 5 Akten von H. Wilken.
1751 3163 2800 3224 Anfang des Konzerts 6, der Vorſtellung 7 Uhr.
1748 3209 2031 3257 Entrée 50 ₰.
1800 3256 2799 3316 Freitag: Erſtes großes Militär⸗Konzert, ausge⸗
1749 3301 2799 3357 führt von dem ganzen Muſik⸗Corps des 3. Garde⸗
1748 3348 2796 3402 Grenadier⸗Regiments (Königin Eliſabeth) in Uni⸗
1750 3393 2798 3454 form, unter perſönlicher Leitung ſeines Königlichen
1749 3438 2796 3500 Muſikdirektors Herrn Ruſcheweyh und den Kapellen
1756 3484 2260 3536 Baumgarten und Herold.
1987 3594 2551 3651 Familien⸗Nachrichten.
1745 3658 1894 3703 [16238]
1793 3695 2795 3764 Schon wieder hat der Tod unſerem Collegium
1744 3751 2794 3818 ein Mitglied entriſſen. Am 14. d. Mts. ſtarb Herr
1744 3797 2791 3851 Landgerichtsrath Claß nach längerem Leiden am
1745 3844 2791 3897 Schlagfluſſe. Sein liebenswürdiger Charakter und
1743 3887 2792 3944 ſeine Pflichttreue ſichern ihm ein bleibendes Andenken.
1792 3935 2370 3981 Gneſen, den 17. Mai 1881.
2109 3986 2423 4031 Der Präſident
1850 4027 2690 4086 und die Mitglieder des Landgerichts,
1802 4071 2730 4134 die Staatsanwälte und Rechtsanwälte.
1740 4175 2791 4247 Verlobt. Frl. Ida Gliemann mit Hrn. Stadt⸗
1788 4223 2791 4296 Hauptkaſſen⸗Rendanten R. Seibt (Löwenberg). —
1793 4278 2790 4342 Frl. Anna Femerling mit Hrn. Dr. med. Auguſt
1790 4318 2789 4380 Waechter (Harburg — Altona). — Verw. Frau
1788 4371 2787 4441 Sidony Voß, geb. v. Normann, mit Hrn. Haupt⸗
1789 4417 2787 4476 mann und Compagnie⸗Chef v. Normann (Han⸗
1789 4467 1917 4506 nover).
1741 4508 2786 4573 Verehelicht: Hr. Dr. med. Carl Krah mit Frl.
1788 4554 2785 4609 Bertha Tiedemann (Hannover). — Hr. Ritt⸗
1787 4599 2787 4662 meiſter und Diviſions⸗Adjutant Hans v. Hobe
1787 4632 2579 4703 mit Frl. Marie Guttzeit (Schmerwitz).
1739 4691 2785 4751 Geboren: Eine Tochter: Hrn v. Ibell
1785 4738 1919 4775 (Ems).
1738 4782 2784 4837 Geſtorben: Hr. Kammerherr Graf Octav von
1785 4828 2786 4891 Andlaw (Bellingen). — Hr. Dr. Alexander
1788 4873 2784 4933 Schnetger (Gotha). — Frau Sophie Freifrau
1786 4921 2783 4979 von Rothkirch⸗Panthen, geb. von Blumenſtein
1781 4968 2016 5011 (Karlsruhe).
1820 5080 2696 5138 Subhaſtationen, Aufgebote, Vor⸗
2030 5134 2503 5191 ladungen u. dergl.
1738 5192 1888 5237 [16186]
1943 5191 2638 5276 Oeffentliche Zuſtellung.
1784 5274 2787 5333 Nr. 2882. Der Bäcker Rudolf Winter zu
1736 5317 2780 5375 Erzingen, vertreten durch Rechtsanwalt Gomſen da⸗
1737 5363 2780 5418 hier, klagt gegen den Schuſter Paul Stoll von
1736 5408 2780 5469 Erzingen, z. Zt. an unbekannten Orten abweſend,
1735 5455 2780 5511 wegen übernommener Bürgſchaft aus Kauf eines
1738 5500 2779 5562 zweiſtöckigen Wohnhauſes mit Scheuer, Stallung,
1743 5544 2779 5602 Schopf, Schweinſtall und Hausgarten von Karl
1738 5590 2778 5651 Indlekofer von Erzingen um den Preis von 3250 ℳ,
1729 5635 2778 5692 zahlbar in 10 verzinslichen Jahresterminen, mit dem
1735 5680 2776 5738 Antrage auf Zahlung des am Martini 1880 erſt⸗
1736 5724 2778 5787 mals fälligen Termins mit 325 ℳ nebft 5 % Zinſen
1737 5774 2779 5834 vom 11. November v. J. an, ferner von 5 % Zinſen
1737 5820 2780 5874 aus 3250 ℳ vom 31. Oktober 1879 bis 11. Novem⸗
1738 5861 2778 5922 ber 1880 an Karl Indlekofer von Erzingen und
1738 5906 2778 5971 ladet den Beklagten zur mündlichen Verhandlung des
1736 5950 2777 6017 Rechteſtreits vor die I. Civilkammer des Großherzog⸗
1736 5995 2453 6049 lichen Landgerichts zu Waldshut auf
1867 6042 2660 6104 Samſtag, den 17. September 1881,
2029 6055 2475 6144 Vormittags 8 Uhr,
1732 6132 2776 6201 mit der Aufforderung, einen bei dem gedachten
1730 6178 2557 6231 Gerichte zugelaſſenen Anwalt zu beſtellen.
1778 6225 2777 6283 Zum Zwecke der öffentlichen Zuſtellung wird diefer
1727 6268 2425 6320 Auszug der Klage bekannt gemacht.
2169 6321 2331 6368 Seifert,
1724 6359 2773 6426 Gerichtsſchreiber des Großherzoglichen Landgerichts.
2852 3044 2993 3090 [16206]
3102 3044 3632 3100 Oeffentliche Zustellung.
2897 3090 3895 3147 Die Ehefrau des Schmiedegeſellen Auguſt Wegner,
2848 3135 3895 3197 Johanna Sophie Marie, geb. Schütt, zu Berlin,
2850 3181 3894 3233 Wörtherſtraße 14 IV., verkreten durch den Rechts⸗
2849 3229 3893 3284 anwalt Starck zu Stettin, klagt gegen ihren Ehe⸗
2848 3275 3893 3330 mann, früher zu Stettin, jetzt unbekannten Aufent⸗
2849 3319 3893 3377 halts, wegen böslicher Verlaſſung, mit dem Antrage,
2845 3366 3894 3422 die Ehe der Parteien zu trennen, den Beklagten für
2846 3412 3893 3468 den allein ſchuldigen Theil zu erklären und ihn zu
2847 3457 3893 3513 verurtheilen, der Klägerin den vierten Theil ſeines
2845 3502 3894 3559 Vermögens oder monatlich 30 ℳ Alimente auf
2844 3548 3892 3604 deren Lebenszeit als Eheſcheidungsſtrafe zu zahlen
2847 3595 3891 3645 und ladet den Beklagten zur mündlichen Verhand⸗
2843 3640 3892 3691 lung des Rechtsſtreits vor die erſte Civilkammer
2843 3687 3890 3743 des Königlichen Landgerichts zu Stettin, Zimmer 27,
3028 3734 3704 3786 auf den 20. September 1881,
3135 3781 3598 3832 Vormittags 9 ½ Uhr,
2842 3823 3889 3877 mit der Aufforderung, einen bei dem gedachten Ge⸗
2843 3869 3606 3918 richte zugelaſſenen Anwalt zu beſtellen.
2885 3915 3887 3971 Zum Zwecke der öffentlichen Zuſtellung wird die⸗
2843 3960 3617 4014 ſer Auszug der Klage bekannt gemacht.
2888 4007 3472 4052 Stettin, den 13. Mai 1881.
3304 4059 3440 4108 Baar,
2912 4098 3828 4153 Gerichtsſchreiber des Königlichen Landgerichts.
2837 4196 2991 4250 [16198]
3251 4198 3472 4253 Aufgebot.
2885 4246 3884 4304 Der Rechtsanwalt Lisco hier, Friedrichſtraße 191,
2841 4292 3885 4349 hat in ſeiner Eigenſchaft als Pfleger das Aufgebot
2838 4338 3882 4391 des Nachlaſſes der unbekannten Erben der am 26. Ok⸗
2839 4382 3881 4436 tober 1880 hierſelbſt in der Noſtizſtraße 2 verſtor⸗
2839 4430 3885 4481 benen Wittwe des hierſelbſt am 2. September 1840
2838 4475 3881 4529 verſtorbenen Profeſſors Franz Julius Ferdinand
2837 4522 3880 4577 Meven, Johanna Cäcilie Mathilde, geb. Guſe, be⸗
2837 4569 3881 4624 antragt. Die unbekannten Erben der Erblaſſerin
2835 4613 3687 4662 werden aufgefordert, ſpäteſtens in dem auf
2881 4660 3835 4718 den 20. März 1882, Vormittags 11 Uhr,
2836 4705 3879 4761 vor dem unterzeichneten Gerichte, Jüdenſtraße 58,
2840 4749 3880 4804 1 Tr. Zimmer 21, anberaumten Aufgebotstermine
2835 4794 3880 4851 ihre Rechte geltend zu machen, widrigenfalls der
2834 4841 3627 4890 Nachlaß dem Fiskus anheimfallen wird.
2883 4887 3425 4931 Berlin, den 6. Mai 1881.
3084 4935 3612 4983 Königliches Amtsgericht. I.
2830 5036 2985 5096 [16196]
3247 5044 3464 5095 Aufgebot.
2881 5097 3876 5145 Das unter Nr. 31815 in der Colberger ſtãdtiſchen
2834 5133 3884 5194 Sparkaſſe auf die Bauer Carl Kempſchen Erben in
2835 5170 3877 5236 Simötzel ausgefertigte Sparkaſſenbuch über 800 Mark
2832 5226 3873 5284 iſt dem Vormund der minorennen Kempſchen Ge⸗
2834 5273 3872 5330 ſchwiſter, dem Gemeinde⸗Vorſteher Friedrich Lübchow
2833 5319 3872 5378 in Simötzel, angeblich geſtohlen. Auf deſſen Antrag
3954 2307 5010 2381 wird nun zwecks des gerichtlichen Aufgebots und der
3953 2361 4731 2420 Amortiſation des gedachten Buches ein
4359 2415 4590 2466 Termin auf
3951 2455 4999 2523 den 17. September 1881, Vormittags 11 Uhr,
4091 2503 4863 2565 vor Herrn Amtsgerichts⸗Rath Wegner,
3950 2542 4601 2601 feſtgeſetzt, mit der Aufforderung,
4047 2594 5000 2658 „ daß ein Jeder, der an dem verlorenen Spar⸗
4042 2638 4998 2699 kaſſenbuche irgend ein Anrecht zu haben ver⸗
4042 2687 4998 2747 meine, ſich bei dem Gerichte, und zwar ſpä⸗
4041 2730 5000 2791 teſtens in dem feſtgeſetzten Termine melden und
4041 2776 4999 2839 ſein Recht näher nachweifen möge, widrigenfalls
4040 2823 4999 2882 das Buch für erloſchen erklärt, und dem Ver⸗
4040 2868 5001 2939 lierer ein neues an deſſen Stelle ausgefertigt
4039 2917 4283 2960 werden ſolle.
3994 2959 4565 3009 Colberg, den 5. Mai 1881.
4178 3008 4752 3063 Königliches Amtsgericht. II.
3942 3100 4098 3163 [16197]
4332 3111 4621 3192 Aufgebot.
3992 3187 5005 3248 Marie Klett, geb. Rieger, in Heilbronn hat das
3945 3232 4996 3294 Aufgebot des auf den Inhaber lautenden Staats⸗
3945 3279 4177 3324 ſchuldſcheins
4083 3329 4853 3389 Litt. O. Nr. 86,922 über 100 Fl. —,
4073 3375 4859 3433 pro 1. Februar und 1. Auguſt à 4 ½ %,
3946 3417 4995 3482 beantragt. Dieſer Antrag iſt zugelaſſen und Auf⸗
3945 3464 4273 3510 gebotstermin auf
4063 3510 4870 3570 Samſtag, den 20. September 1884,
4236 3559 4692 3613 Vormittags 11 Uhr,
4128 3602 4810 3662 Juſtizgebäude Saal A. G. Nr. 33,
3944 3644 4285 3688 beſtimmt worden.
3988 3692 4991 3752 Gemäß Gerichtsbeſchluſſes vom Heutigen wird der
3940 3736 4992 3800 Inhaber der aufgebotenen Urkunde aufgefordert,
3942 3783 4991 3842 ſpäteſtens in dem Aufgebotstermine ſeine Rechte bei
3940 3830 4990 3888 dem dieſſeitigen Gerichte anzumelden und die Urkunde
3941 3876 4986 3940 vorzulegen, widrigenfalls deren Kraftloserklärung er⸗
3940 3921 4202 3961 folgen würde.
3987 3967 4387 4011 Den 14. Mai 1881.
4285 4019 4637 4063 Gerichtsſchreiberei
4054 4062 4871 4121 des Königlichen Amtsgerichts Stuttgart
4399 4112 4526 4152 Stadt.
4357 4157 4556 4203 Schaedel,
4290 4202 4624 4249 Gerichtsſchreiber.
3936 4298 4082 4345 [16202]
4316 4303 4610 4379 Aufgebot.
3981 4380 4985 4438 Zur Ermittelung des Lebens oder Todes des
3936 4423 4987 4494 Tiſchlers Friedrich Auguft Wetzlich aus Schönbrunn,
3933 4472 4985 4543 geboren am 30. Dezember 1830, welcher im Jahre
3936 4518 4981 4575 1850 nach Amerika ausgewandert, ſeitdem aber ver⸗
3934 4561 4984 4622 ſchollen iſt, iſt von deſſen Bruder Johann Carl
3932 4606 4982 4668 Wetzlich in Biſchofswerda und dem Abweſenheits⸗
3932 4655 4984 4722 vormund Johann Carl Auguſt Zieſche in Schönbrunn
3930 4698 4984 4766 die Einleitung des Aufgebotsverfahrens beantragt
3929 4747 4075 4781 worden.
3981 4789 4980 4851 Der obengenannte Friedrich Auguſt Wetzlich wird
3928 4837 4713 4888 daher andurch aufgefordert, in dem auf
4183 4888 4721 4941 den 1. Dezember 1881,
4221 4933 4681 4986 Vormittags 10 Uhr,
3930 4972 4980 5038 hiermit anberaumten Aufgebotstermine verſönlich,
3929 5022 4976 5078 oder durch einen gehörig legitimirten Bevollmäch⸗
3929 5063 4978 5124 tigten an unterzeichneter Amtsſtelle zu erſcheinen und
3928 5109 4976 5168 ſich anzumelden, widrigenfalls derſelbe für todt er⸗
3928 5155 4975 5215 klärt und ſein Vermögen den ſich legitimirenden
3926 5200 4974 5261 Erben reſp. Gläubigern ausgeantwortet werden wird.
3970 5246 4701 5300 Biſchofswerda, am 13. Mai 1881.
4081 5294 4844 5350 Das Koniglich Sächſiſche Amtsgericht.
4362 5347 4538 5393 Küchler.
2822 5406 2989 5472 [16223]
3441 5425 4352 5514 Actien-Gesellschaft
3043 5503 4760 5597 für Eisen-Industrie und Brückenbau
3183 5590 4646 5684 vorm. J. C. Harkort, Duisburg.
3036 5659 4968 5739 Die ſtimmberechtigten Actionaire unſerer Geſellſchaft werden hierdurch zur neunten ordentlichen
2829 5700 4968 5782 General⸗Versammlung auf Sonnabend, den 25. Juni d. Js., Vormittags 10 ½ Uhr, in unſerem
2832 5750 3884 5804 Bureau⸗Gebäude zu Duisburg⸗Hochfeld eingeladen.
3726 5801 4072 5860 Tagesordnung:
3113 5844 4969 5924 1) Entgegennahme des Geſchäfts⸗Berichtes, Genehmigung der Jahresrechnung und Bilanz
3180 5891 4424 5962 und Ertheilung der Decharge für Aufſichtsrath und Vorſtand.
3110 5934 4736 6004 2) Ergänzungswahlen zum Aufſichtsrath nach Maßgabe des §. 17 der Statuten.
3108 5979 4964 6052 3) Wahl von 2 Rechnungs⸗Reviſoren und eines Stellvertreters für das laufende Ge⸗
3178 6027 3386 6068 ſchäftsjahr.
3036 6067 4960 6142 Nach §. 22 der Statuten ſind zur Theilnahme an der Generalverſammlung nur Actionäre be⸗
2830 6109 4962 6187 rechtigt, welche mindeſtens 5 Actien beſitzen. Diejenigen Actionaire, welche ſich an der Generalverſamm⸗
2829 6157 4962 6234 lung betheiligen wollen, haben ihre Actien nebſt einem doppelten Nummern⸗Verjzeichniſſe ſpäteſtens drei
2828 6199 4964 6278 Tage vor dem Verſammlungstage bei der Direction zu deponiren oder innerbalb des genannten Termins
2827 6247 4962 6324 die anderweite Depoſition bei der Reichsbank oder bei dem Bankhauſe Deichmann & Cie. in Cöln
2827 6291 4963 6369 nachzuweiſen. Das Duplicat des Verzeichniffes wird mit dem Stempel der Geſellſchaft und einem Ver⸗
2828 6337 4962 6417 merk über die Stimmenzahl des betreffenden Actionairs verſehen, zurückgegeben und dient als Legitimation
2826 6382 3518 6437 zum Eintritt in die Verſammlung.
3685 6442 4093 6496 Der Auſſichtsrath.
6079 388 8794 631 Deutſcher Reichs⸗Anzeiger
7364 724 7492 821 und
5409 915 9447 1170 Königlich Preußiſcher Staats⸗Anzeiger.
5795 1284 6608 1338 Das Abonnement beträgt 4 ℳ 50 ₰
5998 1351 6414 1397 für das Vierteljahr.
5640 1407 6758 1453 Inſertionspreis für den Raum einer Druckzeile 30 ₰.
8179 1291 9065 1346 Alle Poſt-Anſtalten nnehmen Beſtellung an;
8070 1356 9181 1407 für Berlin außer den Poſt-Anſtalten auch die Expe-
8273 1413 8998 1460 dition: SW. Wilhelmſtr. Nr. 32.
5253 1554 5670 1635 No. 116.
6524 1558 7182 1644 Berlin, Donnerſtag,
7661 1559 8349 1640 den 19. Mai, Abends.
9277 1567 9572 1641 1881.
5312 1789 6610 1843 Se. Majeſtät der König haben Allergnädigſt geruht:
5362 1845 6657 1900 dem katholiſchen Pfarrer Broicher zu Langel im Kreiſe
5260 1896 6658 1949 Mülheim a. Rh. und dem Oberlehrer Dr. Crouze an der
5260 1947 6658 2000 Haupt⸗Kadettenanſtalt zu Groß⸗Lichterfelde den Rothen Adler⸗
5260 1998 6658 2050 Orden vierter Klaſſe; dem Seminar⸗Direktor Fix zu Soeſt
5263 2050 6658 2104 den Königlichen Kronen⸗Orden dritter Klaſſe; ſowie. dem
5259 2100 6656 2159 ordentlichen Seminarlehrer Schengberg ebendaſelbſt den
5262 2152 6473 2208 Königlichen Kronen⸗Orden vierter Klaſſe zu verleihen.
5288 2264 6622 2315 Se. Majeſtät der König haben Allergnädigſt geruht:
5362 2312 6656 2365 dem Königlich niederländiſchen Kammerherrn Baron
5259 2363 6658 2416 Taets van Amerongen den Rothen Adler⸗Orden zweiter
5258 2414 6656 2470 Klaſſe mit dem Stern; den Königlich ſpaniſchen Oberſten von
5260 2466 6658 2520 der Kavallerie Marquis von Valmediano, Marquis von
5259 2519 6657 2570 Sierra Bullones und Herzog von Ahumada den
5259 2568 6656 2623 Rothen Adler⸗Orden zweiter Klaſſe; dem Königlich ſchwediſchen
5260 2620 6657 2676 Major Nyguiſt im Generalſtabe den Königlichen Kronen⸗
5261 2671 6656 2728 Orden zweiter Klaſſe; ſowie dem Königlich ſchwediſchen
5258 2722 6657 2779 Premier⸗Lieutenant Lilliehöök, Ordonnanz⸗Offizier Sr.
5263 2775 6657 2831 Königlichen Hoheit des Kronprinzen von Schweden und
5259 2825 6659 2882 Norwegen den Rothen Adler⸗Orden dritter Klaſſe zu ver⸗
5260 2883 5403 2933 leihen.
5312 2994 6592 3051 Se. Majeſtät der König haben Allergnädigſt geruht:
5367 3047 6659 3105 den nachbenannten Perſonen aus dem Reſſort des
5257 3100 6659 3156 Miniſteriums der öffentlichen Arbeiten die Erlaubniß zur
5258 3151 6659 3209 Anlegung der ihnen verliehenen nichtpreußiſchen Ordens⸗
5258 3207 6029 3261 Inſignien zu ertheilen, und zwar:
5266 3254 6659 3312 des Ehren⸗Ritterkreuzes erſter Klaſſe des Groß⸗
5259 3306 6659 3365 herzoglich oldenburgiſchen Haus⸗ und Verdienſt⸗
5313 3357 6605 3413 Ordens des Herzogs Peter Friedrich Ludwig:
5364 3408 6660 3464 dem Regierungs⸗Rath Schweckendieck, Hülfsarbeiter
5258 3462 6205 3516 im Miniſterium der öffentlichen Arbeiten;
5260 3510 6660 3567 des Ritterkreuzes erſter Klaſſe des Herzoglich
5462 3564 6468 3619 ſachſen⸗erneſtiniſchen Haus⸗Ordens:
5368 3612 6659 3671 dem gothaiſchen Privat⸗Direktions⸗Mitgliede der thüringi⸗
5262 3665 6658 3721 ſchen Eiſenbahn, preußiſchen Staatsangehörigen Mathies zu
5261 3723 5554 3773 Gotha; ſowie
5261 3766 6658 3823 des ſilbernen Verdienſtkreuzes des Großherzoglich
5260 3817 6657 3880 mecklenburgiſchen der Wendiſchen
5855 3871 6058 3920 Krone:
5367 3920 6658 3977 dem Bahnhofs⸗Inſpektor bei der Berlin⸗Stettiner Eiſen⸗
5262 3978 5890 4032 bahn, Hennicke zu Berlin.
5648 4175 6273 4224 Deutſches Reich.
5366 4255 6657 4319 In Papenburg wird am 27. d. Mts. mit einer See⸗
5261 4310 6655 4364 ſteuermanns⸗ und Seeſchifferprüfung für große Fahrt begonnen
5261 4373 5421 4410 werden.
5369 4490 6660 4545 Die im Jahre 1863 in Wilmot, Neu⸗Schottland, erbaute,
5266 4543 6655 4599 bisher unter britiſcher Flagge gefahrene Bark „Evening
5262 4596 6654 4648 Star“ von 371,65 Regiſter⸗Tons Brutto Raumgehalt, hat
5265 4647 6654 4700 durch den Uebergang in das ausſchließliche Eigenthum der
5261 4698 6655 4752 deutſchen Handelsfirma Dircks & Co. zu Swatow und des
5265 4749 6654 4803 deutſchen Reichsangehörigen Schiffskapitän Schoer unter dem
5263 4799 6653 4858 Namen „Maſoo“ das Recht zur Führung der deutſchen
5258 4850 6653 4905 Flagge erlangt. Dem bezeichneten Schiffe, für welches die
5260 4902 6655 4959 Eigenthümer Hamburg zum Heimathshafen gewählt haben,
5265 4952 6655 5005 iſt am 31. März d. J. vom Kaiſerlichen Konſulat zu Singa⸗
5262 5007 6136 5061 pore ein Flaggenatteſt ertheilt worden.
5555 5204 6355 5256 Königreich Preußen.
5313 5285 6619 5339 Se. Majeſtät der König haben Allergnädigſt geruht:
5369 5336 6654 5390 den Landrath Kammerherrn Grafen Andreas von
5262 5391 6653 5446 Bernſtorff zum Geheimen Regierungs⸗ und vortragenden
5266 5440 6653 5502 Rath im Miniſterium der geiſtlichen, Unterrichts⸗ und Medi⸗
5260 5495 5741 5547 zinal⸗Angelegenheiten,
5365 5541 6650 5594 den außerordentlichen Profeſſor in der philoſophiſchen
5266 5593 6651 5647 Fakultät der Univerſität zu Kiel, Dr. Georg Buſolt zum
5267 5646 6374 5699 ordentlichen Profeſſor in derſelben Fakultät; und
5371 5694 6648 5749 den bisherigen kommiſſariſchen Gewerbe⸗Rath Karl
5261 5746 6651 5800 Müller zu Schleswig zum Gewerbe⸗Rath zu ernennen; ſowie
5367 5797 6649 5851 dem Rathsherrn Jofeph Pinkus zu Neuſtadt O.⸗Schl.
5263 5850 6381 5904 den Charakter als Kommerzien⸗Rath zu verleihen.
5713 6040 6199 6134 Nichtamtliches.
5642 6142 6273 6201 Deutſches Reich.
5373 6218 6654 6269 Preußen. Belrin, 19. Mai. Se. Majeſtät der
5258 6272 6649 6325 Kaiſer und König empfingen heute den Oberſten von
5265 6323 6652 6373 Stocken und den Oberſt⸗Lieutenant Freiherrn von Eſebeck,
5264 6374 6651 6434 welche das Einrücken des 3. Garde⸗Grenadier⸗Regiments
5261 6425 6649 6480 Königin Eliſabeth und des 4. Garde⸗Regiments z. F. mel⸗
5260 6476 6650 6529 deten, den Oberſten von Faſſong, Commandeur des 1. Garde⸗
6734 1779 8119 1843 Feld⸗Artillerie-Regiments, und den zum Commandeur des
6728 1844 8115 1903 4. Garde⸗Regiments z. F. ernannten Oberſten Grafen Roon.
6834 1896 8117 1951 Demnächſt nahmen Se. Majeſtät die Vorträge des Kriegs⸗
6730 1946 8116 2001 Miniſters und des Generaladjutanten von Albedyll entgegen und
6734 1998 8118 2052 empfingen Nachmittags die zu Kammerherren ernannten Herren
6729 2049 7759 2101 von Alvensleben⸗Redekin und von Mellenthin.
6833 2204 8118 2260 — Die vereinigten Ausſchüſſe des Bundesraths für
6733 2258 8118 2315 das Landheer und die Feſtungen, für das Seeweſen und für
6729 2310 8118 2363 Juſtizweſen ſowie der Ausſchuß für Juſtizweſen hielten heute
6727 2359 6955 2413 Sitzungen.
6833 2435 8119 2490 — Der Schlußbericht über die geſtrige Sitzung des
6731 2486 7821 2539 Reichstags befindet ſich in der Erſten Beilage.
6831 2558 8118 2613 — In der heutigen (44.) Sitzung des Reichstages,
6729 2611 8119 2664 welcher mehrere Bevollmächtigte zum Bundesrath und Kom⸗
6729 2663 8113 2716 miſſarien deſſelben beiwohnten, gab zunächſt der Abg. Dr.
6730 2715 8116 2766 Delbrück vor der Tagesordnung die Erklärung ab, daß er
6731 2766 8112 2819 irrthümlich in dem ſtenographiſchen Berichte über die Sitzung
6730 2817 8113 2869 vom 16. d. M. bei der namentlichen Abſtimmung über den
6737 2868 8116 2921 Art. 13 des Geſetzes, betreffend die Verfaſſungsänderung als
6730 2920 8116 2971 mit „ja“ ſtimmend aufgeführt worden ſei; er habe im
6730 2971 8115 3022 Gegentheil mit „nein“ geſtimmt, und bitte, dies im Pro⸗
6740 3022 8116 3075 tokoll richtig zu ſtellen. Hierauf genehmigte das Haus
6732 3074 8115 3125 in dritter Berathung den Geſetzentwurf, betreffend die Auf⸗
6732 3125 8115 3178 nahme einer Anleihe für die Reichseiſenbahnen in
6732 3177 8114 3237 Elſaß⸗Lothringen, nach der in zweiter Berathung unver⸗
6730 3227 8115 3279 ändert angenommenen Vorlage und ſetzte ſodann die dritte
6733 3279 8112 3331 Berathung des Geſetzentwurfs, betreffend die Bezeichnung
6731 3330 8112 3383 des Raumgehalts der Gefäße, in welchen Flüſ⸗
6731 3381 8112 3433 ſigkeiten zum Verkauf kommen, auf Grund des münd⸗
6732 3429 8113 3488 lichen Berichts der XV. Kommiſſion fort. chdem der Referent,
6731 3482 8112 3536 Abg. Dr. Karſten die Anträge der Kommiſſion empfohlen und Abg.
6732 3534 8112 3587 Dr. Reichenſperger (Cöln) ihn hierin unterſtützt hatte, wurden
6731 3587 8112 3642 dieſelben angenommen und das Geſetz ſodann im Ganzen ge⸗
6730 3638 8110 3689 nehmigt. Die zu dieſem Gegenſtande eingegangenen Petitionen
6728 3689 8112 3741 wurden durch die gefaßten Beſchlüſſe für erledigt erklärt. Es
6729 3740 8111 3792 folgte die zweite Berathung des Entwurfs eines Ge⸗
6730 3787 8112 3848 ſetzes, betreffend die Abänderung der Gewerbeordnung
6732 3843 8112 3893 auf Grund des Berichts der XI. Kommiſſion. Referent war
6731 3895 8111 3947 der Abg. Graf von Bismarck. Die Diskuſſion wurde zu⸗
6731 3947 7656 3995 nächſt eröffnet über §. 97, welcher lautet:
6869 3990 8112 4041 „ Diejenigen, welche ein Gewerbe ſelbſtſtändig betreiben, können
6776 4044 8111 4090 zur Förderung der gemeinſamen gewerblichen Intereſſen zu einer
6775 4090 7255 4134 Innung zuſammentreten.
6869 4135 7529 4179 Aufgabe der neuen Innungen iſt:
6872 4180 8110 4226 1) die Pflege des Gemeingeiſtes ſowie die Aufrechterhaltung
6775 4226 8027 4271 und Stärkung der Standesehre unter den Innungsmitgliedern;
6869 4272 8109 4326 2) die Förderung eines gedeihlichen Verhältniſſes zwiſchen
6775 4317 8108 4360 Meiſtern und Geſellen ſowie die Fürſorge für das Herbergs⸗
6770 4359 8062 4412 wefen der Geſellen und für die Nachweiſung von Geſellenarbeit;
6868 4409 8110 4453 3) die nähere Regelung des Lehrlingsweſens und der Fürſorge
6775 4447 8110 4499 für die techniſche, gewerbliche und ſittliche Ausbildung der Lebrlinge;
6867 4498 8108 4545 4) Streitigkeiten der im §. 120 a. bezeichneten Art zwiſchen den
6775 4536 8112 4594 Innungsmitgliedern und ihren Lehrlingen an Stelle der Gemeinde⸗
6775 4592 7611 4631 behörde (Abſatz 2 daſelbſt) zu entſcheiden.“
6830 4632 8108 4683 Der Abg. Dr. Baumbach ſprach ſich für Aufrechterhaltung
6727 4687 8109 4740 der jetzigen Faſſung des §. 97 aus, wonach Innungen nur
6726 4739 8106 4789 aus ſolchen Gewerbetreibenden beſtehen könnten, die gleichen
6727 4790 8105 4841 oder verwandten Gewerben angehörten. Der Abg. von Czar⸗
6727 4841 8105 4894 linski wünſchte, daß polniſche Innungen neben deutſchen zu⸗
6727 4892 8107 4946 läſſig ſeien. Der Abg. Richter (Hagen) führte aus, daß er
6728 4944 8106 4993 ſich mit dem in der Kommiſſion Seitens der Regierung aus⸗
6726 4995 8106 5048 geſprochenen Grundſatze, wonach die Innungen ihren Mit⸗
6726 5045 8105 5098 gliedern ſtatutariſch die Pflicht auferlegen könnten, nur ſolche
6727 5098 8107 5150 Gewerbegehülfen zu beſchäftigen, die mit Arbeitsbüchern ver⸗
6730 5148 8106 5199 ſehen ſeien, nicht einverſtanden erklären könne. Wolle man
6728 5198 8106 5253 obligatoriſche Arbeitsbücher, dann möge man dies offen be⸗
6728 5250 8104 5307 kennen und ſie nicht durch Hinterthüren einführen. Der Abg.
6726 5301 8106 5352 Ackermann befürwortete die Kommiſſionsvorlage gegenüber
6726 5351 8106 5404 dem Bedenken des Abg. Baumbach und hob hervor, daß
6726 5403 8106 5455 ſonſt, namentlich in kleinen Städten, häufig das
6725 5455 8103 5509 Material zur Bildung von Innungen fehlen würde.
6724 5505 8104 5559 Der Abg. Dr. Böttcher betonte, daß Innungen, die aus ver⸗
6725 5556 8103 5608 ſchiedenen Gewerben beſtünden, nicht die Befugniſſe des §. 100 e.
6728 5607 8102 5660 erhalten, mindeſtens nicht über ſolche Gewerbtreibende ent⸗
6723 5657 8105 5710 ſcheiden könnten, die in ihnen nicht vertreten ſeien. Der
6723 5708 8097 5760 Bundesrathekommiſſar Geheime Ober⸗Regierungs⸗Rath Loh⸗
6723 5759 8105 5813 mann beſtätigte die Anſicht des Vorredners und erklärte,
6722 5811 8104 5863 daß die Exiſtenz polniſcher neben deutſchen Innungen
6723 5861 8102 5912 nicht ausgeſchloſſen ſei. Der Abg. Dr. Lasker befürwortete die
6724 5912 8102 5966 Auoführungen des Abg. Richter bezüglich der Arbeitsbücher und
6723 5963 8101 6015 bezeichnete es als bedenklich, ſolchen aus heterogenen Elementen
6723 6009 8098 6067 beſtehenden Innungen die Befugniſſe des §. 100 e. zu ertheilen.
6726 6063 8100 6117 Der Abg. Günther (Sachſen) vertheidigte die Kommiſſions⸗
6725 6114 8100 6169 faſſung unter Adoptirung der Argumente des Abg. Acker⸗
6722 6161 8100 6220 mann. Der Abg. Löwe (Berlin) widerſprach ihm und wies darauf
6721 6216 8100 6268 hin, daß es nicht darauf ankomme, in kleinen Städten überhaupt
6723 6267 8103 6321 Innungen zu ſchaffen, ſondern etwas Gutes, dem Handwerk
6727 6318 8096 6369 Gedeihliches zu fördern, was bei völlig heterogener Zuſammen⸗
6722 6369 8101 6423 ſetzung der Innungen unmöglich ſei. Der Abg. Dr. Böttcher
6721 6420 8096 6473 glaubte einen Widerſpruch zwiſchen der heutigen Erklärung
6722 6469 8094 6523 des Kommiſſars und der von demſelben in der Kommiſſion
8189 1793 9572 1848 abgegebenen konſtatiren zu können. Der Bundesrathskom⸗
8188 1848 9569 1903 miſſar wiederholte demgegenüber, daß den Innungen über
8190 1899 9570 1952 ſolche Gewerbe, die in ihnen nicht vertreten ſeien, kein Ent⸗
8190 1950 9573 2005 ſcheidungsrecht zuſtehe. Von einer Einführung obligatoriſcher Ar⸗
8191 2002 9576 2056 beitsbücher ſei ſeinerſeits in der Kommiſſion nicht die Rede geweſen,
8191 2053 9575 2106 obwohl er den Innungen das Recht vindizirt habe, in dieſer
8190 2104 9576 2159 Beziehung ſtatutariſche Beſtimmungen zu treffen. Der Abge⸗
8191 2155 9579 2208 ordnete von Kleiſt⸗Retzow glaubte, daß die Frage der obliga⸗
8189 2206 9578 2259 toriſchen Arbeitsbücher hier nicht zu diskutiren ſei. Der Abg.
8191 2257 9577 2310 Richter (Hagen) konſtatirte, daß ſeine vorigen Aus⸗
8189 2308 9575 2363 führungen jetzt vom Bundesrathstiſche ihre Beſtätigung
8190 2360 9574 2415 gefunden hätten, und glaubte dagegen proteſtiren zu
8189 2411 9573 2465 müſſen, daß den Innungen ſo weit gehende Befugniſſe bei⸗
8190 2462 9572 2516 gelegt würden. Er bezeichnete die Innungen, wie ſie ſich nach
8190 2513 9572 2567 der Kommiſſionsfaſſung darſtellten, als reine Polizeianſtalten,
8189 2564 9570 2618 die die Entwicklung des Handwerks nur ſchädigen würden.
8190 2615 9570 2670 Der Abg. Stumm widerſprach dieſer Anſchauung und zog
8189 2666 9572 2718 ſich, als er eine Aeußerung des Vorredners als
8189 2718 9576 2771 lächerlich bezeichnete, einen Ordnungsruf des Präſi⸗
8189 2769 9572 2821 denten zu. Der Abg. Dr. Baumbach ſtellte und be⸗
8189 2820 9572 2872 fürwortete den Antrag, in §. 97 an Stelle der Worte: „Die⸗
8189 2871 9572 2924 jenigen — betreiben“ zu ſetzen: „Diejenigen, welche gleiche
8189 2924 9574 2976 oder verwandte Gewerbe betreiben“. Der Abg. von Helldorff
8188 2975 9573 3027 entgegnete dem Abg. Richter, daß ſeine Partei nicht vor der
8189 3025 9575 3078 Einführung obligatoriſcher Arbeitsbücher zurückſchrecke, aber
8187 3076 9573 3129 in dem vorliegenden Geſetze nicht den geeigneten Ort für eine
8187 3128 9569 3179 ſolche Beſtimmung erkennen könne. Bei Schluß des Blattes
8187 3179 9372 3231 erklärte ſich Abg. Hartmann gegen die Arbeitsbücher.
8287 3253 9570 3306 — Das Staats⸗Miniſterium trat heute Mittags
8187 3304 8975 3356 1 Uhr zu einer Sitzung zuſammen.
8287 3378 9565 3431 — Ein Strafantrag, der Diejenigen, gegen welche er
8187 3429 9570 3482 gerichtet iſt, erkennbar bezeichnet, ohne ſie bei ihren Namen zu
8187 3480 9566 3532 nennen, iſt nach einem Urtheil des Reichsgerichts,
8188 3531 9363 3583 III. Strafſenats, vom 26. Februar d. J., wirkſam.
8284 3605 9569 3656 — Der am hieſigen Allerhöchſten Hofe beglaubigte König⸗
8186 3656 9570 3706 lich großbritanniſche Botſchafter Lord Ampthill hat Berlin
8184 3707 9571 3757 mit Urlaub verlaſſen. Während ſeiner Abweſenheit iſt der
8184 3759 9571 3809 Botſchafts⸗Sekretär Sir John Walſham mit der interi⸗
8184 3810 9499 3862 miſtiſchen Führung der botſchaftlichen Geſchäfte beauftragt.
8288 3880 9573 3932 Bayern. München, 17. Mai. (Allg. Ztg.) Die Ab⸗
8183 3935 9571 3986 geordnetenkammer ſtimmte heute den letzten Beſchlüſſen der
8182 3986 9568 4036 Kammer der Reichsräthe über das Haus⸗ und Grund⸗
8184 4038 9569 4087 ſteuer⸗, das Kapitalrenten⸗ und das Gewerbe⸗
8184 4087 9568 4140 ſteuergeſetz bei, ſo daß über die drei Geſetzentwürfe Ge⸗
8182 4135 9569 4190 ſammtbeſchlüſſe erzielt ſind. Daſſelbe iſt bezüglich des Geſetz⸗
8181 4186 9565 4241 entwurfs über die Einkommenſteuer erreicht bis auf einen
8182 4241 9568 4293 Artikel, welchem in einer modifizirten Faſſung beigeſtimmt
8182 4292 9567 4343 wurde, weshalb derſelbe nochmals an die Kammer der Reichs⸗
8182 4343 9567 4396 räthe zurückgeht. Der Antrag Conradi, betreffend die Her⸗
8182 4394 9566 4446 ſtellung eines Verbindungegeleiſes zwiſchen dem Bahnhof und
8188 4446 9570 4498 dem Staatshafen in Würzburg, wurde vom Staats⸗Miniſter
8182 4495 9569 4549 Frhrn. von Crailsheim unterſtützt und mit 110 gegen 20
8184 4548 9569 4599 Stimmen angenommen. Den Rechnungsnachweiſungen ver⸗
8181 4600 9260 4652 ſchiedener Etats wurde die Anerkennung ertheilt.
8281 4667 9571 4727 Sachſen⸗Coburg⸗Gotha. Gotha, 18. Mai. (Goth. Ztg.)
8179 4723 9566 4774 Geſtern Abends 6 Uhr traf der Herzog mit Gefolge von
8182 4775 9565 4827 Nizza hier ein. — Der Speziallandtag iſt, nachdem er
8179 4826 9563 4875 den Staatskaſſen⸗Etat auf das Etatsjahr 1881—82 en bloc
8180 4876 9563 4927 angenommen und mehrere kleinere Beträge zu wirthſchaftlichen
8180 4930 9065 4981 Zwecken bewilligt hatte, vertagt worden.
8284 4999 9571 5051 Elſaß⸗Lothringen. Straßburg, 18. Mai. (W. T. B.)
8180 5045 9568 5103 Die „Elſaß⸗Lothringiſche Zeitung“ veröffentlicht heute
8179 5103 9568 5154 die Namen von 582 Perſonen, deren Option für gültig
8179 5157 8596 5206 erkannt worden iſt.
8283 5201 9567 5256 Der Statthalter, General⸗Feldmarſchall Freiherr von
8178 5255 9567 5308 Manteuffel, hat ſich in Begleitung des Oberſten von Strantz
8180 5306 9569 5364 heute Mittag über Würzburg nach Karlsbad zum Kurgebrauch
8178 5364 8348 5413 begeben.
8281 5492 9557 5548 Oeſterreich⸗Ungarn. Wien, 17. Mai. Der Kaiſer
8178 5548 9559 5601 und die Kaiſerin, ſowie die Erzherzogin Valerie ſiedeln,
8175 5599 9556 5653 wie die „Pr.“ meldet, morgen, Mittwoch, den 18. d.,
8177 5648 9557 5703 ſobald das Kronprinzliche Paar nach Budapeſt abgereiſt iſt,
8176 5704 8974 5753 in das Luſtſchloß Schönbrunn über.
8279 5748 9556 5806 Prag, 17. Mai. Dem „Prager Abendblatt“ zufolge iſt
8176 5799 9557 5855 die Ankunft des kronprinzlichen Paares in Prag nun⸗
8174 5851 9558 5908 mehr auf Mittwoch, den 25. d. Mts., um 4 Uhr Nachmittags,
8170 5907 8374 5961 feſtgeſetzt.
8284 5953 9566 6009 Peſt, 16. Mai. Der „Peſt. L.“ ſchreibt: „Die
8176 6003 9565 6059 Feſtwoche hat unter den angenehmen Ausſpicien des
8174 6053 9565 6113 herrlichſten Frühlingswetters begonnen. Die Metamorphoſe
8173 6105 9566 6159 der Straßen und Gehäude iſt bereits ziemlich vorgeſchritten,
8176 6155 9562 6213 und allenthalben wird mit größtem Eifer gearbeitet, um in
8174 6207 9562 6263 den weniger als 48 Stunden, die uns noch vom Einzuge
8173 6260 9563 6310 des Durchlauchtigſten Kronprinzenpaares trennen, die
8172 6308 9564 6367 geplanten Dekorationen zu beenden. Der Zufluß von Fremden
8174 6357 9563 6413 und Gäſten aus der Provinz hat in großartiger Weiſe be⸗
8171 6405 9559 6467 gonnen, und heute, anläßlich der Landesverſammlung vom
8173 6461 9567 6517 „rothen Kreuze“, wurde dieſe Veränderung in der Phyſio⸗
661 2579 878 2634 Reichsbank
658 2634 1245 2679 Die 5 altpreußiſchen Banken
656 2682 1169 2725 Die 3 ſächſiſchen Banken
658 2722 1232 2770 Die 4 norddeutſchen Banken
660 2772 1014 2813 Frankfurter Bank
655 2815 1192 2864 Die Bayeriſche Notenbank
660 2862 1214 2912 Die 3 füddeutſchen Banken
1215 2922 1389 2978 Summa
1558 2439 1681 2508 Kaſſe.
1560 2596 1711 2640 623 450
1604 2646 1705 2683 4 741
1575 2691 1709 2729 27 236
1607 2736 1711 2775 6 458
1606 2783 1705 2819 6 099
1580 2827 1707 2872 36 086
1577 2874 1710 2913 21 709
1556 2929 1706 2974 725 779
1749 2381 1882 2432 Gegen
1795 2433 1848 2469 die
1770 2477 1864 2515 Vor⸗
1757 2525 1875 2562 woche.
1720 2599 1905 2643 — 5 271
1721 2650 1909 2687 — 673
1721 2695 1907 2733 + 526
1722 2741 1906 2780 ＋ 64
1720 2788 1908 2824 — 1 010
1720 2831 1910 2872 — 232
1724 2876 1912 2918 1 539
1718 2933 1904 2976 — 8 135
1928 2449 2096 2507 Wechſel.
1953 2602 2106 2646 314 747
1974 2652 2108 2690 30 713
1974 2698 2106 2736 51 735
1976 2743 2108 2783 54 572
1983 2791 2105 2827 19 038
1980 2834 2108 2874 36 426
1977 2881 2106 2923 54 893
1956 2936 2104 2982 562 124
2154 2385 2282 2440 Gegen
2192 2440 2244 2477 die
2169 2485 2259 2523 Vor⸗
2157 2531 2270 2569 woche.
2121 2606 2308 2649 — 9 699
2110 2647 2314 2697 + 354
2120 2694 2306 2742 + 722
2123 2748 2305 2786 + 810
2123 2796 2303 2833 — 142
2119 2834 2306 2880 — 2 045
2121 2885 2310 2927 — 2 434
2116 2941 2302 2987 — 12 434
2315 2410 2503 2467 Lombard⸗
2328 2472 2501 2507 forderun⸗
2378 2522 2448 2555 gen.
2374 2611 2507 2651 44 675
2396 2660 2502 2698 6 731
2394 2707 2504 2744 4 122
2375 2752 2504 2787 12 187
2398 2796 2508 2834 8 840
2399 2844 2505 2882 1 905
2399 2888 2503 2929 2 082
2376 2943 2505 2988 80 542
2555 2393 2681 2450 Gegen
2591 2446 2653 2483 die
2517 2612 2705 2654 — 7 098
2517 2661 2706 2701 — 332
2514 2709 2708 2746 — 52
2520 2753 2699 2795 + 491
2513 2797 2702 2842 + 141
2513 2837 2708 2886 — 9
2517 2889 2702 2931 + 150
2518 2946 2708 2992 — 6 709
2750 2443 2882 2492 Noten⸗
2738 2493 2891 2538 Umlauf.
2750 2613 2903 2658 731 622
2777 2663 2901 2703 10 014
2773 2711 2900 2750 41 651
2774 2756 2901 2793 13 651
2779 2802 2899 2838 10 749
2774 2847 2901 2885 64 097
2770 2894 2902 2936 48 328
2750 2948 2901 2993 920 112
2950 2398 3073 2447 Gegen
2989 2449 3039 2486 die
2965 2494 3056 2533 Vor⸗
2955 2548 3070 2579 woche.
2915 2617 3104 2660 — 29 212
2913 2668 3104 2707 — 405
2919 2713 3101 2750 — 985
2916 2753 3111 2796 — 447
2906 2801 3104 2845 + 492
2917 2850 3097 2887 — 2 101
2915 2895 3102 2935 — 3 030
2917 2951 3102 2993 — 35 688
3142 2403 3284 2448 Täglich
3155 2450 3271 2496 fällige
3130 2496 3299 2545 Verbind⸗
3122 2542 3298 2581 lichkeiten.
3150 2624 3299 2664 173 806
3193 2671 3305 2708 5 142
3193 2717 3298 2751 4 101
3195 2760 3300 2800 9 353
3194 2806 3303 2847 7 403
3202 2853 3299 2891 1 496
3196 2899 3303 2940 1 410
3146 2952 3294 2993 202 711
3350 2404 3482 2455 Gegen
3386 2456 3439 2492 die
3365 2499 3459 2538 Vor⸗
3356 2546 3472 2584 woche.
3315 2625 3498 2668 + 7 728
3315 2671 3500 2711 — 170
3316 2722 3502 2755 + 1 270
3315 2763 3498 2803 — 708
3311 2811 3498 2847 1 196
3315 2855 3500 2895 + 139
3312 2903 3498 2941 — 122
3313 2955 3492 3004 + 6 941
3525 2409 3699 2450 Verbind⸗
3531 2457 3699 2498 lichkeiten
3517 2502 3713 2547 auf Kün⸗
3544 2549 3678 2592 digung.
3601 2639 3657 2669 —
3595 2676 3700 2716 8 875
3588 2722 3701 2759 9 428
3571 2765 3700 2804 19 313
3591 2815 3699 2850 3 653
3650 2859 3700 2897 88
3623 2904 3699 2946 155
3565 2961 3698 3004 41 512
3761 2412 3883 2460 Gegen
3792 2462 3843 2498 die
3767 2506 3858 2545 Vor⸗
3754 2552 3869 2591 woche.
3803 2638 3859 2667 —
3720 2680 3900 2717 + 133
3717 2726 3899 2761 + 190
3716 2770 3897 2807 — 34
3714 2816 3897 2853 + 649
3719 2862 3899 2899 + 0
3717 2906 3897 2950 ±0
3714 2967 3896 3003 + 938
