9976 7656
759 435 2065 493 — 1. Januar, Abends. (W. T. B) In Torrox (Provinz
662 478 2064 537 Malaga) wurden heute wiederum ſtarke Erderſchütterungen
664 525 2064 582 verſpürt und heftiges unterirdiſches Rollen gehört. In Albunuelas
661 571 2059 625 (Provinz Granada) ſpaltete ſich der Erdboden, die Kirche verſank bis
658 616 2059 672 zur Spitze des Thurmes, und Menſchen und Vieh verſchwanden in
660 662 964 708 den Erdſpalten.
727 753 2056 810 Am Dienſtag, den 6. Januar, Abends 8 ½ Uhr, hält der Parlaments⸗
660 799 2055 856 ſtenograph Max Bäckler im Dorotheenſtädtiſchen Real⸗Gymnaſium,
656 845 2054 902 Georgenſtraße 30/31 II., einen öffentlichen unentgeltlichen Vortrag
656 889 2054 947 über „die Stenographie als eine höhere Stufe der
653 935 2052 992 Schrift.“ Daran ſchließt ſich die Eröffnung eines von dem Stolzeſchen
652 980 2049 1037 Stenographenverein hier veranſtalteten zwölfſtündigen Unterrichts⸗
651 1026 1759 1081 kurſus in der vereinfachten Stolzeſchen Stenographie.
748 1118 2048 1176 Im Wallner⸗Theater kommt morgen „Die goldene Spinne“,
659 1163 1929 1220 der neue Schwank von Franz von Schönthan, zur Aufführung.
743 1233 2046 1284 Belle⸗Alliance⸗Theater. Die Aufführungen des Schön⸗
655 1278 2045 1332 than'ſchen Schwanks „Der Raub der Sabinerinnen“ erhalten inſofern
654 1327 2044 1381 von morgen ab einen neuen Reiz, als Hr. Emil Thomas und Frl.
2132 447 3523 499 Odilon die von ihnen am Wallner⸗Theater geſpielten Rollen des
2132 493 3522 550 Strieſe und der Paula übernehmen. Für Hrn. Straßmann tritt Hr.
2131 537 3519 594 Ottbert vom Wallner⸗Theater als Emil Sterneck ein, und Hr.
2130 584 3520 644 Würzburg hat die Partie des Hrn. Guthery, den Profeſſor Gollwitz,
2125 628 2380 670 übernommen.
2220 732 3517 790 Im Concert⸗Hauſe gelangt morgen ein beſonders intereſſantes
2125 778 3515 832 Programm zur Ausführung. Daſſelbe beginnt mit Beethovens
2125 822 3513 881 Ouvertüre: „Zur Weihe des Hauſes“ und ſchließt mit der großen
2123 870 3513 924 As-dur-Polonaiſe von Chopin. Um Beethovens herrliche C moll⸗
2126 915 3511 969 Symphonie gruppiren ſich die ſymphoniſche Dichtung „Phaëton“ von
2123 960 3509 1016 St.⸗Saëns, das Vorſpiel zu dem Bühnenweihfeſtſpiel „Parſifal“
2122 1006 3509 1063 von Wagner, der feſtliche Einzugsmarſch aus der Oper „Die Königin
2122 1052 3509 1107 von Saba“, von Goldmark, und das Adagio aus dem Beethovenſchen
2120 1097 3508 1154 Septett. Der Virtuoſität iſt durch den erſten Satz aus Beethovens
2119 1142 3508 1201 Concert für die Violine Rechnung getragen, welchen Hr. Kneiſel
2117 1186 2368 1233 ſpielen wird.
2203 1291 3505 1347 In der Sing⸗Akademie veranſtalten Hr. Georg und
2120 1336 3504 1396 Fr. Lillian Henſchel am Sonntag, den 4. d. M., Abends 7 ½ Uhr,
3597 461 4994 518 den zweiten Liederabend. Für denſelben iſt ein ſehr abwech⸗
3597 507 4994 565 ſelungsreiches Programm gewählt, auf welches auf Verlangen auch
3596 553 4821 611 das Duett „Gondoliera“ von G. Henſchel geſetzt worden iſt.
3690 599 4995 654 Ebendaſelbſt findet am 7. d. M., Abends 7 ½ Uhr, ein Concert
3596 644 4778 701 von Auguſte Hohenſchild und Hedwig Holtz ſtatt.
3687 689 4994 748 Am 6. d. M., Abends 7 ½ Uhr, geben die Hrrn. Friedrich
3591 733 4993 792 Koch und Georg Stolzenberg im Hotel de Rome ein
3594 774 3758 826 Concert.
3681 896 4996 952 Im Krollſchen Etabliſſement findet morgen, Sonnabend,
3588 942 4986 995 das Karneval⸗Ballfeſt des Königlichen Corps de Ballet ſtatt. Dem
3587 987 4985 1043 Programm zufolge werden auf der Bühne lebende Bilder nach
3586 1033 4984 1090 Defreggerſchen Gemälden geſtellt und im Saale eine große inter⸗
3584 1079 4985 1137 nationale Karawane ſowie Maskenſcherze und groteske Quadrillen
3583 1125 4987 1181 zur Aufführung gebracht werden. Den von Seiten des Publikums ſo viel⸗
3583 1170 4982 1226 fach auf derartigen Bällen geäußerten Klagen über zu heiße Tempe⸗
3583 1216 4981 1274 ratur iſt in dieſer Saiſon durch die elektriſche Beleuchtung des
3581 1261 4983 1318 Krollſchen Theaters abgeholfen; denn dieſe Beleuchtung macht nicht
3582 1308 4981 1363 nur die Temperatur in den Sälen angenehmer, ſondern auch den
3580 1352 4906 1412 Geſammteindruck des Etabliſſements zu einem äußerſt effektvollen.
1977 1464 3621 1636 Oeffentlicher Anzeiger.
712 1526 1755 1575 Inſerate für den Deutſchen Reichs⸗ und Königl.
710 1583 1755 1630 Preuß. Staats⸗Anzeiger und das Central⸗Handels⸗
709 1640 1754 1688 egiſter nimmt an: die Königliche Erpedition
754 1694 1716 1748 des Deutſchen Reichs-Anzeigers und Königlich
910 1757 1550 1801 Preußiſchen Staats-Anzeigers:
801 1809 1660 1858 Berlin SW., Wilhelm⸗Straße Nr. 32.
3853 1584 4902 1638 Inſerate nehmen an: die Annoncen⸗Expeditionen des
3854 1641 4902 1698 „Invalidendank“, Rudolf Moſſe, Haaſenſtein
3852 1699 4899 1756 & Vogler, G. L. Daube & Co., E. Schlotte,
3852 1753 4899 1813 Büttner & Winter, ſowie alle übrigen größeren
4139 1814 4608 1868 Annoncen⸗Bureaux.
1817 1643 2678 1694 1. Steckbriefe und Untersuchungs-Sachen.
1813 1689 2736 1741 2. Subhastationen, Aufgebote, Vorladungen
1905 1738 2080 1782 u. dergl.
1816 1781 2757 1830 3. Verkäufe, Verpachtungen, Submissionen etc.
1814 1827 2733 1879 4. Verloosung, Amortisation, Zinszahlung
1908 1871 2605 1923 u. s. w. von öffentlichen Papieren.
2835 1653 3793 1705 5. Industrielle Etablissements, Fabriken und
2925 1702 3184 1740 Grosshandel.
2833 1744 3596 1798 6. Verschiedene Bekanntmachungen.
2832 1790 3355 1841 7. Literarische Anzeigen.
2833 1833 3257 1884 8. Theater-Anzeigen.
2832 1879 3337 1931 9. Familien-Nachrichten.
3434 1843 3750 1889 In der Börsen-
3502 1890 3658 1936 beilage.
966 1970 1333 2016 Theater.
678 2038 1679 2104 Königliche Schauspiele. Sonnabend: Opern⸗
626 2105 1679 2154 haus. 2. Vorſtellung. Carmen. Oper in 4 Akten,
627 2150 1678 2200 nach einer Novelle des Prosper Merimée von Henry
625 2196 1677 2242 Meilhac und Ludovic Halévy. Muſik von Georges
626 2241 1675 2291 Bizet. Tanz von P. Taglioni. (Frl. Beeth, Frl.
623 2287 1674 2336 Lehmann, Hr. Ernſt, Hr. Krolop.) Anfang 7 Uhr.
674 2328 1673 2382 Schauſpielhaus. 2. Vorſtellung. Wallen⸗
628 2379 1672 2427 ſteins Tod. Trauerſpiel in 5 Akten von Schiller.
623 2424 946 2470 Anfang 6 ½ Uhr.
671 2471 1673 2519 Sonntag: Opernhaus. 3. Vorſtellung Die
622 2517 1670 2563 Stumme von Portici. Oper in 5 Aufzügen von
623 2561 1669 2608 Scribe. Muſik von Auber. Ballet von P. Taglioni.
618 2607 1669 2656 (Frl. Leiſinger, Frl. Wiſotzky, Hr. Rothmühl, Hr.
615 2653 1389 2699 Kaliſch, Hr. Biberti.) Anfang 7 Uhr.
671 2699 1669 2750 Schauſpielhaus. 3. Vorſtellung. Roſenkranz
615 2745 1667 2790 und Güldenſtern. Luſtſpiel in 4 Akten von
615 2789 1272 2837 Michael Klapp. Anfang 7 Uhr.
649 2907 1663 2968 Deutsches Theater. Sonnabend: König
610 2973 1049 3018 Richard der Dritte.
661 3020 1662 3069 Sonntag: Die Neuvermählten. Flatterſucht.
659 3064 1256 3112 Montag: Die große Glocke.
644 3176 1660 3237 Wallner-Theater. Sonnabend: Zum 1. Male:
603 3246 1657 3293 Die goldene Spinne. Schwank in 4 Akten von
605 3293 1023 3338 Franz v. Schönthan.
641 3420 1653 3480 Victoria-Theater. Sonnabend: Zum zehnten
603 3486 1653 3535 Male mit gänzlich neuer Ausſtattung an Deko⸗
601 3532 1654 3583 rationen, Koſtümen und Requiſiten: Sulfurina.
600 3578 1650 3627 Großes phantaſtiſches Ausſtattungsſtück mit Ge⸗
599 3624 1647 3674 ſang und Ballet von Guſtav Scherenberg.
600 3669 1645 3722 Muſik von C. A. Raida. Ballet von A. Strigelli.
595 3715 1646 3766 Die neuen Dekorationen und Maſchinerien von F.
597 3760 1649 3812 Lütkemeyer in Coburg. (Sulfurina: Frl. Meyerhoff
598 3807 1648 3861 als Gaſt; Lucifer: Hr. Carl Swoboda als Debut.)
632 3944 1643 4003 Neues Friedrich-Wilhelmstädt. Theater.
594 4010 1645 4062 Sonnabend: Z. 98. Male: Gasparone. Operette
595 4057 1642 4107 in 3 Akten von Zell und Genée. Muſik von C.
589 4098 788 4150 Millöcker.
641 4148 1122 4195 Sonntag: Gasparone.
627 4286 1641 4349 Residenz-Theater. Direktion: A. Anno.
590 4353 1640 4405 Sonnabend: 16. Gaſtſpriel des Sgr. Erneſto Roſſi:
588 4398 1640 4449 Othello. Trauerſpiel in 5 Akten von William
586 4444 1638 4501 Shakeſpeare. Mit Benutzung der Ueberſetzungen
585 4489 1637 4544 von Heinrich Voß und A. W. von Schlegel. Regie:
585 4534 923 4582 Herr von Hoxar.
627 4662 1635 4724 Kroll's Theater. Sonnabend: Wegen Ball⸗
581 4728 1604 4785 feſtlichkeit des Königl. Corps de Ballet geſchloſſen.
632 4774 1633 4831 Sonntag: Große Weihnachts⸗Ausſtellung. Er⸗
577 4819 1634 4874 innerungen an Egypten und Japan. Dazu:
577 4866 1634 4919 Die Märchen meiner Amme. Phantaſtiſches
576 4911 1632 4965 Zauberſpiel mit Geſang und Tanz, in einem
576 4956 1632 5010 Vorſpiel und 3 Akten (12 Tableaux) nach einem
576 5001 1631 5054 älteren Stück von A. Mödinger, frei bearbeitet
575 5048 1632 5106 von Ed. Jacobſon. Anfang des Concerts 5 ½, der
574 5092 983 5139 Vorſtellung 6 ½ Uhr.
623 5219 1628 5280 Belle-Alliance-Theater. Sonnabend: En⸗
575 5286 1628 5336 ſemble⸗Gaſtſpiel der Mitglieder des Wallner⸗
574 5331 1628 5384 Theaters: Frau Carlſen, Frls. Odillon, Romé und
573 5377 1626 5428 Löffler, Herren Niedt, Emil Thomas und Ottbert.
570 5422 1630 5477 Zum 79. Male: Der Raub der Sabine⸗
572 5467 1627 5524 rinnen. Schwank in 4 Akten von Franz u. Paul
571 5513 1237 5559 von Schönthan. Anfang 7 Uhr.
619 5559 1625 5612 Sonntag und folgende Tage: Dieſelbe Vor⸗
570 5603 725 5649 ſtellung.
606 5719 1623 5785 Walhalla-Operetten-Theater. Sonnabend:
569 5784 1462 5833 Zum 69. Male: Gillette von Narbonue.
615 5829 1550 5890 Sonntag u. folg. Tage: Dieſelbe Vorſtellung.
603 5936 1360 5999 Concert-Haus. Concert des Kgl.
567 5997 1084 6051 Hof⸗Muſikdirektors Herrn
1390 5938 1616 6040 Bilse.
612 6045 1616 6098 Sonnabend, Abends 7 Uhr: Sinfonie⸗Concert.
561 6091 1615 6146 1. Theil. Die Weihe des Hauſes, Ouverture von
561 6135 1613 6191 L. v. Beethoven. — Adagio aus dem Septett von
560 6181 1614 6239 L. v. Beethoven (mit mehrfacher Beſetzung der
561 6226 1615 6283 Streichinſtrumente). — Feſtlicher Einzugsmarſch aus
560 6271 1613 6325 der Oper „Die Königin von Saba“ von Carl
555 6316 1612 6375 Goldmark. — Concert (Erſter Satz) für die
557 6362 1607 6421 Violine von L. v. Beethoven, vorgetragen von Hrn.
556 6408 1610 6465 Concertmeiſter Franz Kneiſel. — 2. Theil. Sin⸗
555 6451 1608 6512 fonie Nr. 5 C-moll von L. v. Beethoven. a Allegro
556 6501 1606 6550 con brio, b. Andante con moto, c. Scherzo und
551 6544 1605 6600 Finale. — 3. Theil. Phaëton. Sinfoniſche Dich⸗
1731 1974 2771 2026 tung von Camille Saint⸗Saëns. — Vorſpiel zu
1729 2020 2770 2068 dem Bühnenweihfeſtſpiel „Parſifal“ von Richard
1727 2059 2768 2119 Wagner. — Große Polonaiſe, Opus 53, von Fr.
1729 2107 1880 2155 Chopin.
1774 2157 2767 2209 Rauchen iſt nur in den Nebenſälen, 2. Rang und
1730 2201 2058 2249 Tunnel geſtattet.
1758 2296 2767 2358 Circus Renz. Carlſtraße — Markthallen. —
1725 2362 2760 2415 Sonnabend, Abends 7 Uhr: Gala⸗Vorſtellung.
1720 2407 2760 2460 Zum 35. Male: „Die luſtigen Heidelberger, oder:
1721 2453 2759 2507 Ein Studenten⸗Ausflug mit Hinderniſſen.“ — Zum
1722 2500 2757 2548 1. Male: Großartige Luft⸗Gymnaſtik am Reck aus⸗
1718 2546 2757 2599 geführt von den Geſchwiſtern Thekla und Thora;
1718 2592 2756 2643 zum Schluß: Der Taucherſprung aus einer Höhe
1717 2638 2755 2688 von circa 40 Fuß, ausgeführt von Frl Thora. —
1716 2682 2753 2732 Großes Hurdle⸗Rennen, ausgeführt von Damen und
1715 2728 2752 2779 Herren mit 20 der beſten Springpferde. — Vor⸗
1716 2774 2750 2830 führen der 8 arabiſchen Schimmelhengſte durch Hrn.
1715 2819 2751 2872 Franz Renz. — Eine Schul⸗Quadrille, geritten von
1714 2866 2752 2919 8 Herren mit 8 eigens dazu dreſſirten Schulpferden.
1760 2912 2750 2963 Sonntag: Zwei Vorſtellungen. Um 4 Uhr Nach⸗
1712 2958 2750 3010 mittags: Komiker⸗Vorſtellung (1 Kind frei). — Um
1711 3003 2750 3055 7 ½ Uhr Abends: „Die luſtigen Heidelberger“, oder:
1713 3049 2571 3101 „Ein Studenten⸗Ausflug mit Hinderniſſen.“
2012 3097 2457 3144 Der Circus iſt geheizt.
2263 3143 2704 3193 E. Renz, Direktor.
1957 3246 2511 3297 Familien⸗Nachrichten.
1706 3312 2744 3365 Verlobt: Frl. Elfrieda Schmidt mit Hrn. Ge⸗
1751 3358 2744 3410 richts⸗Aſſeſſor Emil Raatz. — Frl. Gottliebe von
1751 3404 2743 3458 Wulffen mit Hrn. Premier⸗Lieutenant Fritz von
1751 3450 2744 3503 Boddien (Knauten). — Frl. Marie Fiſcher mit
1750 3495 2567 3548 Hrn. Inſpektor Carl Dreyer (Koſchmin).
1702 3541 2742 3595 Verehelicht: Hr. Lieutenant z. S. Georg Wilde
1748 3587 2485 3638 mit Frl. Anna Schorn (Weißenfels).
1699 3632 2740 3686 Geboren: Ein Sohn: Hrn. Dr. jur. H. Simon
1745 3678 2739 3734 (Coblenz). — Hrn. Frhr. von Maltzahn⸗Utzedel
1742 3724 1942 3770 (Stendal).
1698 3770 2737 3825 Geſtorben: Hr. Bürgermeiſter a. D. Franz
1743 3815 2102 3866 Lubenau (Oletzko).
1781 3933 2648 3985 Subhaſtationen, Aufgebote, Vor⸗
1983 3985 2453 4038 ladungen u. dergl.
1694 4046 1840 4091 [59444]
1871 4093 2557 4140 Verkündet am 22. Dezember 1884.
1808 4138 2618 4190 Referendar Ernſt, als Gerichtsſchreiber.
1738 4184 2728 4238 In der Krauſe'ſchen Aufgebotsſache IX. F. 12/84
1692 4230 2727 4288 erkennt das Königliche Amtsgericht IX. zu Königs⸗
1691 4276 2691 4327 berg durch den Amtsgerichtsrath Heyn für Recht:
1734 4321 2727 4377 I. Die Rechtsnachfolger der Malwine Bertha Auſt
1691 4367 2725 4424 ſowie die etwa ſonſt Berechtigten der Hypothekenpoſt
1689 4413 2723 4468 von 800 Thalern rückſtändige Kaufgelder, eingetragen
1689 4459 2723 4517 aus den gerichtlichen Verträgen vom 1. Oktober 1859,
1688 4504 2723 4558 23. November 1859 und 20. Juni 1861 für die
1687 4549 2722 4606 Schweſtern Caroline Henriette und Malwine Bertha
1686 4594 2721 4651 Auſt in Abtheilung III. Nr. 1 des Grundbuchs des
1686 4637 2720 4694 dem Beſitzer Carl Krauſe gehörigen Grundſtücks
1685 4686 2720 4745 Roſſitten Nr. 15 werden mit ihren Anſprüchen auf
1685 4730 2563 4787 die bezeichnete Hypothekenpoſt ausgeſchloſſen,
1729 4778 2717 4831 II. die Koſten des Aufgebotsverfahrens werden
1684 4823 2670 4881 dem Beſitzer Carl Krauſe in Roſſitten auferlegt.
2030 4869 2369 4915 V. R. W.
2133 4918 2262 4965 Heyn.
1682 5016 1827 5061 [59492]
1937 5018 2461 5072 Oeffentliche Zuſtellung.
1727 5061 2715 5122 In Sachen des Kaufmanns Herrmann Hirſch zu
1682 5106 2713 5167 Berlin, Prinzenſtraße 89, Klägers und Berufungs⸗
1681 5152 2713 5210 klägers, vertreten durch den Rechtsanwalt H. Stern
1680 5198 2713 5252 hier, Jägerſtr. 14, gegen den Maſchinenbauer Otto
1680 5243 2711 5301 Menſel, deſſen Aufenthaltsort unbekannt iſt. Be⸗
1678 5289 2712 5353 klagten und Berufungsbeklagten, wegen einer Forde⸗
1679 5337 2712 5395 rung aus dem Leihvertrage vom 7. Oktober 1884,
1678 5380 2710 5434 hat der Kläger gegen das am 29. Januar 1884 er⸗
1678 5428 2710 5486 gangene dem Beklagten durch öffentlichen Aushang
1677 5471 2710 5532 zugeſtellte Urtheil des Königlichen Amtsgerichts
1678 5516 2710 5578 Berlin Ⅰ. die Berufung eingelegt, mit dem Antrage
1676 5563 2708 5617 das Urtheil des Königlichen Amtsgerichts I. vom
1675 5606 2709 5667 29. Januar 1884 aufzuheben, und den Beklagten zur
1673 5653 2710 5712 Zahlung von 132 ℳ 50 ₰ nebſt 6 % Zinſen ſeit
1674 5699 2709 5754 dem 20. November 1883 zu verurtheilen, und ladet
1673 5744 2706 5801 den Beklagten zur mündlichen Verhandlung des
1673 5788 2706 5848 Rechtsſtreits vor die ſechste Civilkammer des König⸗
1672 5835 2705 5896 lichen Landgerichts I. zu Berlin, Jüdenſtraße 59,
1670 5879 1993 5924 Zimmer 53, auf
1715 5927 2657 5985 den 31. März 1885, Vormittags 10 Uhr,
1670 5971 2701 6027 mit der Aufforderung, einen bei dem gedachten Ge⸗
1670 6015 2425 6068 richte zugelaſſenen Anwalt zu beſtellen.
1711 6062 2701 6119 Zum Zwecke der öffentlichen Zuſtellung wird
1666 6105 2245 6157 dies hiermit bekannt gemacht.
1711 6152 2374 6202 Berlin, den 23. Dezember 1884.
2073 6203 2295 6250 Hartwig,
1709 6242 2651 6300 Gerichtsſchreiber des Königlichen Landgerichts. I.
1661 6331 1807 6379 [59464]
1904 6332 2427 6391 Oeffentliche Zuſtellung.
1706 6377 2697 6438 Die Ehefrau Leonore Abel, geborene Rohde, zu
1660 6421 2696 6478 Döhren, vertreten durch den Rechtsanwalt Cleeves
1658 6469 2695 6527 zu Hannover, klagt gegen ihren Ehemann, den
1657 6513 2696 6575 Maſchinenbauer Hugo Abel, früher in Döhren, jetzt
1657 6560 2695 6619 unbekannten Aufenthalts, wegen Mißhandlung, mit
2820 1985 3870 2036 dem Antrage, auf Koſten des Beklagten die unter
2818 2030 3867 2087 den Parteien beſtehende Ehe dem Bande nach zu
2818 2078 3867 2133 trennen, oder doch eine zeitweilige Trennung der
2818 2121 3655 2172 Eheleute von Tiſch und Bett anzuordnen.
2861 2168 3864 2220 Klägerin ladet den Beklagten zur mündlichen
2813 2212 3866 2263 Verhandlung des Rechtsſtreits vor die Civilkam⸗
2813 2257 3862 2316 mer ⅠⅠⅠ. des Königlichen Landgerichts zu Hanno⸗
2813 2301 2955 2347 ver auf
2857 2352 3814 2407 den 14. März 1885, Vormittags 10 Uhr,
2814 2396 3858 2450 mit der Aufforderung, einen bei dem gedachten Ge⸗
2812 2442 3577 2493 richte zugelaſſenen Anwalt zu beſtellen.
2853 2488 3857 2543 Zum Zwecke der öffentlichen Zuſtellung wird
2808 2532 3674 2587 dieſer Auszug der Klage bekannt gemacht.
2854 2579 3601 2629 Hannover, den 29. Dezember 1884.
3249 2629 3427 2676 Schink,
2871 2671 3787 2726 Gerichtsſchreiber des Königlichen Landgerichts.
2804 2762 2954 2806 [59485]
2803 2810 3852 2900 Oeffentliche Zuſtellung und Ladung.
3076 2892 3584 2944 Nachſtehender Auszug:
2805 2935 3851 2990 „Zum Kgl. Landgerichte Zweibrücken, Civilkammer.
3217 2987 3438 3032 Klageſchrift
2800 3026 3851 3080 für Eliſabetha Rothſchmitt, gewerbloſe Ehefrau von
2800 3073 3850 3128 Jakob Kunz, Ackerer, ſie in Buſenberg wohnhaft,
2798 3119 3850 3170 Klägerin, vertreten durch Rechtsanwalt Schuler in
2796 3163 3848 3221 Zweibrücken, gegen ihren Ehemann Jakob Kunz,
2797 3211 3850 3267 Ackerer, früher in Buſenberg wohnhaft geweſen, jetzt
2797 3258 3847 3313 ohne bekannten Wohn⸗ und Aufenthaltsort abweſend,
2981 3304 3659 3355 Beklagten, wegen Gütertrennung.
2841 3349 3846 3404 Der Beklagte wird hiermit in die vom Vorſitzen⸗
2793 3395 3843 3450 den der Civilkammer des Kgl. Landgerichts Zwei⸗
2794 3440 3844 3494 brücken zur mündlichen Verhandlung der Sache be⸗
2794 3486 3846 3540 ſtimmte unten angegebene öffentliche Sitzung des ge⸗
2792 3534 3841 3588 nannten Gerichts vorgeladen, mit der Aufforderung,
2791 3578 3841 3631 einen bei dieſem Gerichte zur anwaltſchaftlichen Ver⸗
2790 3625 3840 3676 tretung zugelaſſenen Rechtsanwalt zu beſtellen, welcher
2787 3670 3839 3727 für ihn in dem anberaumten Termine zu erſcheinen
2789 3715 3382 3762 hat, um beantragen zu hören:
2881 3763 3837 3816 Gefalle es dem K. Landgerichte Civilkammer,
2881 3809 3837 3862 die Vermögensabſonderung zwiſchen der Klägerin
2878 3855 3834 3907 und ihrem Ehemanne, dem Beklagten, aus⸗
2879 3902 3832 3953 zuſprechen, die Parteien zum Zwecke der Aus⸗
2879 3947 3832 3999 einanderſetzung und Belieferung des Vermögens
2877 3993 3832 4044 der Ehefrau vor den Kgl. Notär Auſſchneider in
2875 4038 3831 4090 Dahn zu verweiſen, das Kgl. Amtsgericht allda
2875 4085 3830 4134 um Ernennung und Beeidigung eines Sach⸗
2875 4130 3828 4183 verſtändigen zu erſuchen, welcher die nöthigen
2873 4176 3827 4228 Abſchätzungen vorzunehmen hat, dem Beklagten
2871 4222 3826 4271 die Prozeßkoſten zur Laſt zu legen und das
2872 4268 3826 4318 ergehende Urtheil für vorläufig vollſtreckbar zu
2870 4314 3122 4356 erklären“ —
2775 4358 3824 4409 wird mit dem Beifügen, daß zur mündlichen Ver⸗
2777 4403 3822 4455 handlung der vorerwähnten Klogeſache durch Ver⸗
2774 4450 3822 4504 fügung des Vorſitzenden der Civilkammer des Kgl.
2772 4495 3822 4550 Landgerichts Zweibrücken die öffentliche Sitzung dieſes
2773 4542 3821 4593 Gerichts vom 13. März 1885 beſtimmt wurde, dem
2771 4587 3821 4643 obgenannten Beklagten mit Rückſicht darauf, daß
2770 4633 3820 4687 deſſen Aufenthaltsort unbekannt iſt, hiermit öffentlich
2772 4680 2945 4723 zugeſtellt.
2822 4723 3610 4774 Zweibrücken, den 24. Dezember 1884.
2977 4773 3608 4820 Die Kgl. Landgerichtsſchreiberei.
3023 4817 3566 4864 Ottmann, K. Sekretär.
2952 4957 3630 5013 Verkäufe, Verpachtungen,
3073 5010 3504 5060 Submiſſionen ꝛc.
2764 5068 2909 5114 [59414]
2816 5115 3813 5171 Aus den Königlichen Oberförſtereien Kurwien,
2770 5161 3814 5212 Crutinnen, Breitenheide, Guszianka, ſollen auf der
2768 5206 3812 5262 Bahnſtation Rudezanny, Kreis Sensburg, Dienſtag,
2766 5252 3811 5308 den 13. Januar, 10. Februar, 10. März 1885,
2767 5298 3810 5350 Vormitt. 10 Uhr, Handelshölzer öffentlich meiſt⸗
2766 5343 3811 5399 bietend verkauft werden. Ein Sechstel des Preiſes
2765 5389 3809 5444 ſofort, Reſt nach 3 Monaten zahlbar. Zuſchlag bei
2766 5434 3808 5489 Erreichung der Werthstaxe. Dienſtag, den 13. Ja⸗
2760 5482 3809 5537 nuar 1885, werden ausgeboten: Kiefern Langnutzholz ca.
2760 5526 3808 5579 2030 Stück mit 1900 fm, 48 rm Schichtnutzholz,
2761 5571 3806 5623 400 rm Derbbrennholz. Das Holz kann für durch⸗
2759 5616 3807 5670 ſchnittlich etwa 2 ℳ pro Feſtmeter an die flößbaren ma⸗
2760 5661 3807 5716 ſuriſchen Gewäſſer, theilweiſe auch an die Bahn⸗
2765 5707 3673 5759 höfe Rudezanny oder Puppen gerückt werden.
2805 5753 3559 5801 Guszianka, den 29. Dezember 1884.
3096 5801 3462 5848 Die Oberförſter.
2754 5898 2899 5944 [58507]
3070 5903 3459 5953 Bekanntmachung.
2800 5945 3803 5998 Vom 16. Mai reſp. vom 1. Juli k. J. ab ſollen
2825 5992 3802 6042 1) 40 bis 80 männliche und 40 bis 80 weibliche
2893 6037 3803 6091 Gefangene, bisher mit Anfertigung von
2891 6082 3798 6136 Wäſcheartikeln reſp. mit Waſchen und Plätten
2888 6128 3069 6172 derſelben,
2820 6173 3800 6225 2) 70 bis 150 männliche Gefangene, bisher mit
2888 6218 3363 6264 Luxuspapierarbeiten und
2819 6262 3799 6317 3) 12 bis 25 männliche Gefangene, bisher mit
2887 6308 3795 6359 Buchbinder⸗ und Kartonage⸗Arbeiten be⸗
2886 6354 3048 6400 ſchäftigt,
2747 6398 3793 6451 entweder zu denſelben Beſchäftigungen oder zu an⸗
2746 6444 3794 6498 deren induſtriellen Arbeiten kontraktlich auf drei
2744 6487 3238 6536 Jahre verdungen werden.
2791 6534 3793 6590 Unternehmer, welche auf dieſe Arbeitskräfte reflek⸗
2742 6578 3793 6637 tiren, wollen ihre Offerten bezüglich ad 1 bis zum
3920 2000 4972 2058 1. Februar k. J., bezüglich ad 2 und 3 bis zum
3919 2045 4543 2092 1. April k. J. hier einreichen.
3962 2090 4966 2147 Kaution iſt beim Vertrags⸗Abſchluß in Höhe des
3916 2136 4966 2193 ungefähren dreimonatigen Arbeitslohnes zu hinter⸗
3916 2183 4017 2224 legen.
3959 2228 4969 2280 Die allgemeinen Bedingungen können in den
3915 2273 4964 2332 Dienſtſtunden hier eingeſehen, auch in Abſchrift gegen
3914 2319 4736 2373 Erſtattung der Kopialien bezogen werden.
3958 2366 4655 2414 Cottbus, den 20. Dezember 1884.
4192 2414 4679 2465 Königliche Inſpektion
4136 2460 4732 2513 des Central⸗Gefängniſſes.
3911 2665 4058 2709 [59487]
3911 2571 4960 2626 Königl. Eiſenbahn⸗Direktion zu Frankfurt a. M.
4058 2618 4805 2669 Centralbahnhof Frankfurt a. M.
4208 2667 4650 2712 Bauabtheilung IV.
3956 2707 4956 2769 Die Herſtellung der Entwäſſerungsanlage, um⸗
3908 2752 4032 2798 faſſend
4000 2803 4955 2858 etwa 2200 lfd. M. gußeiſerne Rohrleitungen
3998 2848 4958 2905 verſchiedener Lichtweiten (von 50 bis 300 mm)
3906 2893 4953 2949 in dem Empfangsgebäude, den Perronhallen und den
3905 2940 4952 2993 zwei beiderſeits anſchließenden Verwaltungsgebäuden
3904 2986 4950 3038 des im Bau begriffenen Centralperſonenbahnhofes
3904 3031 4954 3084 zu Frankfurt a. M., ſoll einſchließlich der ſämmt⸗
3903 3077 4949 3131 lichen Materiallieferungen im öffentlichen Verfahren
3903 3125 4256 3166 verdungen werden.
3947 3168 4949 3227 Die Formulare zur Abgabe von Preisangeboten
3902 3214 4951 3267 nebſt den Bedingungen und Zeichnungen können
3900 3260 4947 3312 gegen Erſtattung der Selbſtkoſten im Betrage von
3899 3306 4948 3357 3 ℳ für die Zeichnungen und von 1,40 ℳ für die
3900 3351 4945 3405 Bedingungen vom Unterzeichneten, Bureau auf dem
3897 3397 4944 3453 Bauplatze des Centralperſonenbahnhofes, bezogen
3895 3445 4571 3492 oder auch dort eingeſehen werden.
3940 3488 4943 3541 Die Angebote ſind verſiegelt, portofrei und mit
3894 3534 4705 3587 bezeichnender Aufſchrift verſehen bis zum
4104 3581 4721 3634 Mittwoch, den 21. Januar,
4186 3630 4641 3679 Vormittags 11 Uhr,
3892 3673 4940 3726 an den Unterzeichneten einzuſenden, in deſſen Bureau
3892 3719 4938 3773 zu dieſer Zeit die Eröffnung der Angebote in
3891 3763 4938 3819 Gegenwart der etwa erſchienenen Anbieter ſtattfindet.
3935 3808 4832 3860 Frankfurt a. M., den 30. Dezember 1884.
4085 3858 4744 3908 Der Abtheilungs⸗Baumeiſter.
4330 3905 4491 3951 Frantz.
3884 4015 4029 4060 [59625]
3929 4061 4939 4114 Die auf Grund des Privilegii d. d. 20. April 1857
3881 4108 4907 4159 zur Einlöſung pro 1885 durch das Loos beſtimmten
3882 4152 4889 4205 Obligationen des Croſſener Deichverbandes:
3971 4200 4796 4252 Litt. A. Nr. 296 305 339 462 518 548,
3970 4246 4604 4296 Litt. B. Nr. 239 241 306 383,
3878 4290 4928 4347 ſind hiermit zum 1. Juli 1885 gekündigt und
3877 4337 4931 4390 von da ab, von unſerer Deich⸗Kaſſe hier aus⸗
3876 4382 4400 4430 gezahlt, nicht mehr gültig.
3923 4427 4925 4484 Außerdem iſt die zum 1. Juli 1884 als zahl⸗
3874 4473 4926 4522 bar gekündigte Obligation Litt. A. Nr. 594
3874 4517 4550 4570 bis jetzt noch nicht abgegeben.
3922 4564 4742 4614 Croſſen a. O., den 30 Dezember 1884.
3872 4611 4918 4690 Deichamt des Croſſener Verbandes.
4099 4693 4702 4745 Uhden. Beuck. Natuſch.
3963 4815 4821 4882 Verſchiedene Bekanntmachungen.
3868 4887 4014 4933 [45013]
4130 4889 4638 4972 Bekanntmachung.
3918 4967 4920 5021 Die dem jedesmaligen Aelteſten von des Stifters
3867 5012 4917 5065 Namen und Geſchlechte zuſtehende Collatur der
3869 5058 4917 5116 Caspar Trillerſchen Stiftung iſt erledigt, und
3865 5105 4914 5159 werden alle Diejenigen, welche ſich zu derſelben be⸗
3867 5149 4916 5205 rechtigt halten, aufgefordert, ſich bei Vermeidung der
3867 5195 4916 5250 Präkluſion bis zum 1. April 1885 bei uns zu mel⸗
3863 5241 4914 5296 den und ihre Berechtigung durch Vorlegung der er⸗
3863 5286 4560 5336 forderlichen Urkunden nachzuweiſen.
3911 5332 4766 5382 Sangerhauſen, den 30. September 1884.
4073 5380 4696 5429 Der Magiſtrat. Knobloch.
3861 5491 4006 5538 [59720]
4191 5493 4576 5547 Bekanntmachung.
3906 5537 4907 5592 Zur Berathung über die von den zuſtändigen
3857 5582 4902 5636 Königlichen Miniſterien für nothwendig gehaltenen
3856 5627 4904 5679 Abänderungen der Seitens der Stiftungs⸗Verſamm⸗
3856 5674 4900 5725 lung in Antrag gebrachten neuen Statutspara⸗
3855 5718 4901 5770 graphen, insbeſondere des §. 21, werden die verehr⸗
3855 5763 4903 5819 lichen Mitglieder der Stiftungs Verſammlung
3854 5808 4903 5861 des Civil⸗Waiſenhauſes zu Potsdam zu einer
3854 5853 4899 5910 außerordentlichen Generalverſammlung am
3854 5900 4898 5955 Montag, den 2. Februar 1885, Nachmittags
3851 5946 4899 6000 4 ½ Uhr, im hieſigen Anſtaltshauſe, Neue
3853 5990 4899 6048 Königsſtraße Nr. 61, hierdurch ergebenſt ein⸗
3851 6040 3998 6079 geladen.
3903 6080 4624 6132 Potsdam, den 29. Dezember 1884.
4129 6131 4639 6179 Das Civil⸗Waiſenamt.
3846 6292 4033 6333 Berlin:
4178 6244 4631 6290 Redacteur: Riedel.
4057 6340 4729 6390 Verlag der Expedition (Scholz.)
4160 6403 4587 6443 Druck: W. Elsner.
4202 6463 4592 6525 Sechs Beilagen
4064 6539 4676 6588 (einſchließlich Börſen⸗Beilage),
4111 6596 4621 6643 und das Poſtblatt Nr. 1.
6778 629 7161 769 POST
7653 643 8080 782 BLATT
7313 995 7559 1083 No 1
5462 1100 9391 1259 zum Deutſchen Reichs⸗Anzeiger und Königlich Preußiſchen Staats⸗Anzeiger.
6767 1278 8045 1375 Berlin, Freitag, den 2. Januar 1885.
5716 1384 9093 1465 Nachrichten von allgemeinerem Interesse für den Verkehr mit der Post und Telegraphie
6612 1466 8259 1542 nebst Porto- und Telegraphengebühren-Tarif.
5264 1595 9569 1658 Das Poſtblatt erſcheint vierteljährlich, in der Regel am erſten Tage des Vierteljahrs, und kann durch Vermittelung der Deutſchen Reichs-Poſtanſtalten gegen Vorausbezahlung
6196 1662 8653 1725 von 1 Mark jährlich, ſowie zum Preiſe von 25 Pf. für die einzelne Nummer bezogen werden.
5356 1817 6642 1860 Im Verkehr innerhalb des Weltpostvereinsgebiets sind die
5259 1861 6642 1908 durch Prägedruck auf Kartenpapier hergestellten Zeichen-
5261 1908 6641 1952 vorbilder denjenigen Drucksachen gleichgestellt worden, welche
5259 1953 6291 2001 gegen ermässigte Taxe befördert werden dürfen.
5357 2000 6640 2044 Diese Gleichstellung ist übereinstimmend auch für den inneren
5262 2046 6639 2090 Deutschen Verkehr eingetreten. Für diesen Verkehr ist zugleich
5259 2092 6638 2137 das früher ausgesprochene Verbot der Zulassung von Gegenstän-
5261 2137 6639 2182 den, welche mit der Blindenschrift hergestellt sind, gegen die
5257 2184 6087 2226 Drucksachentaxe in Fortfall gekommen.
5347 2272 6637 2314 Von der Schweizerischen Postverwaltung ist für die Beförde-
5253 2319 6637 2366 rung der Packet- und Geldsendungen auf Schweizerischem
5254 2365 6636 2411 Gebiete ein neuer Tarif aufgestellt worden. Ueber die in Folge
5252 2412 6635 2450 dessen in den Gebührensätzen bei dem Postverkehr mit der
5256 2458 6637 2504 Schweiz eingetretenen Aenderungen ertheilen die Reichs-Post-
5250 2507 5649 2543 anstalten Auskunft.
6819 1814 8113 1859 Nach Beirut, Constantinopel, Salonich und Smyrna können
6725 1860 8109 1904 Werthbriefe unter den Bedingungen des Pariser Uebereinkommens
6723 1906 8111 1948 vom 1. Juni 1878, betreffend den Austausch von Briefen mit
6722 1954 8114 1996 Werthangabe, den an jenen Orten befindlichen Oesterreichi-
6723 1995 8113 2041 schen Postanstalten auch auf dem Beförderungswege über
6723 2043 8111 2088 Bulgarien (ab Varna mit Oesterreichisch-Ungarischen Lloydschiffen)
6723 2090 8113 2131 zugeführt werden. Für diesen Weg ist der Meistbetrag der
6724 2134 8112 2177 Werthangabe auf 8000 ℳ (= 10 000 Franken) beschränkt. Die
6724 2181 8113 2216 Taxe für solche Briefe ist dieselbe wie für Briefe bei der Beförde-
6721 2223 8048 2274 rung über Triest. Siehe den nachfolgenden Tarif B. No. 24 b a.
6814 2362 8109 2408 Nach Algerien, Tripolis und Tunis können Postpackete
6722 2408 8110 2454 (colis postaux) wieder zur Beförderung gelangen. Da die Zu-
6719 2456 8107 2499 lassung sonstiger Packetsendungen nach diesen Gebieten überhaupt
6716 2501 8109 2546 nicht unterbrochen gewesen ist, so findet bezüglich des Packet-
6720 2547 8112 2592 verkehrs mit Algerien, Tripolis und Tunis eine allgemeine Be-
8198 1811 9579 1856 schränkung nicht mehr statt. Päckereien nach Tripolis und
8197 1858 9573 1901 Tunis, deren Inhalt aus alten ungewaschenen Kleidern, ge-
8197 1902 9572 1950 brauchten Bettwaaren, Lumpen und Stoffresten besteht. dürfen
8197 1948 9570 1993 indess nicht auf dem Wege über Italien zur Absendung kommen.
8287 2107 9572 2154 Es werden gegenwärtig Postpackete wieder nach allen
8196 2152 9568 2198 Theilen des Königreichs Italien zur Postbeförderung ange-
8195 2200 9572 2245 nommen, jedoch mit der für die Einführung von Packetsendungen
8196 2248 9568 2294 in Italien allgemein vorgeschriebenen Beschränkung, dass nämlich
8195 2292 9552 2336 dieselben alte ungewaschene Kleider, gebrauchte Bettwaaren
8195 2338 9155 2384 Lumpen und Stoffreste nicht enthalten dürfen.
8285 2496 9564 2543 Die Post-Dampfschifffahrten auf der Linie Stettin-Kopen-
8193 2545 9322 2590 hagen sind für die Dauer der Winterzeit geschlossen.
6341 2654 8507 2734 I. Porto- und Gebühren-Tarif.
6936 2766 7881 2844 A. Briefsendungen.
5391 2859 7379 2894 Vorbemerkungen. Briefe im Weltpostvereinsverkehr dürfen Gold- oder Silbersachen, Geldstücke, Juwelen oder kostbare,
5249 2894 6017 2928 sowie zollpflichtige Gegenstände nicht enthalten.
5394 2928 6864 2962 Den Postkarten dürfen irgend welche Gegenstände weder beigefügt noch angeheftet werden.
5392 2961 7380 2996 Drucksachen dürfen weder einen Brief, noch einen geschriebenen Vermerk enthalten, welcher die Eigenschaft einer eigent-
5250 2996 7385 3031 lichen und persönlichen Korrespondenz hat. Bücherzettel mit handschriftlichen Vermerken sind im Weltpostvereins-
5248 3032 5615 3063 verkehr nicht zulässig.
5393 3064 7374 3099 Als Geschäftspapiere im Weltpostverein sind anzusehen: Alle Schriftstücke und Urkunden, ganz oder theilweise mit
5257 3098 7375 3133 der Hand geschrieben oder gezeichnet, welche nicht die Eigenschaft einer eigentlichen oder persönlichen Korrespondenz haben, als
5254 3133 7377 3166 Prozessakten, von öffentlichen Beamten herrührende amtliche Urkunden, Begleitbriefe oder Ladescheine, Rechnungen, Geschäfts-
5249 3166 7378 3203 papiere verschiedener Art der Versicherungsgesellschaften, nichtamtliche Abschriften oder Aktenauszüge, gleichviel, ob dieselben auf
5250 3201 7376 3236 Stempelpapier oder auf ungestempeltem Papier ausgefertigt sind, Partituren oder geschriebene Musikstücke, einzeln versandte
5252 3235 7081 3270 Manuscripte u. s. w. Die Geschäftspapiere müssen offen unter Band oder in offenem Umschlage versandt werden.
5390 3269 7383 3302 Waarenproben dürfen 20 Centimeter in der Länge, 10 Centimeter in der Breite u 5 Centimeter in der Höhe nicht überschreiten.
7583 2853 9266 2890 Postkarten, Drucksachen, Geschäftspapiere und Waarenproben müssen frankirt sein.
7582 2886 9568 2922 Einschreibbriefe sind innerhalb Deutschlands, sowie nach Oesterreich-Ungarn frankirt oder unfrankirt, sonst nur
7443 2928 7709 2960 frankirt zulässig.
7583 2954 9570 2993 Unzureichend frankirte Briefsendungen werden im Weltpostvereinsverkehr mit dem doppelten Betrage des fehlenden
7443 2989 9570 3023 Portotheils taxirt. Im inneren Verkehr Deutschlands und nach Oesterreich-Ungarn gelangen unzureichend frankirte Postkarten nicht
7443 3023 9570 3062 zur Absendung. Unzureichend frankirte Briefe desselben Verkehrs werden wie unfrankirte Briefe taxirt, abzüglich des verwendeten
7439 3064 7571 3095 Frankos.
7582 3092 9566 3132 Das höchste zulässige Gewicht beträgt: innerhalb Deutschlands, sowie im Verkehr mit Oesterreich-Ungarn
7442 3126 9569 3165 für Briefe und Waarenproben 250 Gramm, für Drucksachen 1 Kilogramm; — im Weltpostverein für Waarenproben 250 g. für
7441 3162 8773 3198 Drucksachen und Geschäftspapiere 2 kg. Für Briefe besteht keine Gewichtsgrenze.
7585 3194 9565 3233 Zw. bedeutet Frankirungszwang. In den Fällen, in welchen dieses Zeichen fehlt, können die gewöhnlichen Briefe auch
7440 3235 7912 3267 unfrankirt abgesandt werden.
7580 3264 8696 3297 † bedeutet, dass die Frankirung nur theilweise bewirkt werden kann.
5466 3445 5578 3480 Nach:
5849 3455 5954 3486 Briefe.
5880 3563 5928 3598 Pf.
5993 3419 6079 3451 Post-
5984 3478 6091 3509 karten.
6013 3568 6061 3598 Pf.
6123 3329 6233 3355 Druck-
6123 3363 6236 3394 sachen,
6107 3398 6237 3423 Waaren-
6117 3432 6232 3464 proben,
6144 3466 6197 3494 Ge-
6113 3500 6237 3526 schäfts-
6113 3535 6238 3566 papiere.
6151 3568 6199 3596 Pf.
6293 3374 6360 3407 Ein-
6266 3431 6385 3460 schreib-
6268 3488 6382 3521 gebühr.
6302 3567 6347 3595 Pf.
6751 3443 7035 3487 Bemerkungen.
5989 3643 6617 3711 Weltpostverein.
5380 3703 5660 3750 Europa.
5268 3751 5792 3797 1) Deutschland (Reichs-
5336 3799 5789 3843 Postgebiet, Bayern u.
5334 3844 5633 3888 Württemberg.)
5262 4161 5771 4206 2) Oesterreich-Ungarn.
5260 4246 5498 4296 3) Belgien.
5261 4298 5788 4343 4) Bosnien, Herzegowina
5332 4344 5786 4381 und Sandschak Novi-
5330 4389 5457 4426 bazar.
5258 4435 5540 4479 5) Bulgarien.
5260 4479 5788 4525 6) Dänemark mit den
5326 4525 5759 4567 Faröern und Island.
5259 4617 5576 4658 7) Frankreich.
5257 4663 5614 4706 8) Griechenland.
5258 4707 5786 4753 9) Grossbritannien und
5324 4751 5464 4797 Irland.
5236 4800 5542 4844 10) Helgoland.
5234 4846 5472 4887 11) Italien.
5234 5027 5564 5074 12) Luxemburg.
5231 5119 5601 5165 13) Malta-Inseln.
5233 5164 5578 5209 14) Montenegro.
5231 5209 5563 5258 15) Niederland.
5228 5395 5543 5437 16) Norwegen.
5227 5437 5506 5485 17) Portugal.
5228 5485 5534 5530 18) Rumänien.
5225 5576 5518 5621 19) Russland.
5223 5668 5542 5714 20) Schweden.
5223 5759 5506 5803 21) Schweiz.
5220 5893 5483 5939 22) Serbien.
5220 6029 5493 6076 23) Spanien.
5218 6165 5459 6211 24) Türkei.
5408 6257 5575 6292 Asien.
5216 6303 5431 6343 25) Aden.
5216 6344 5754 6395 26) Afghanistan (Kabul).
5215 6392 5770 6437 27) Asiatisches Russland.
5215 6438 5710 6482 28) Asiatische Türkei.
5217 6483 5771 6525 29) Balutschistan (Guadur).
5216 6525 5717 6573 30) Birma (Mandalay).
5212 6571 5638 6620 31) Britisch Indien.
5848 3751 5942 3795 fran-
5858 3799 5934 3834 kirt
5876 3845 5934 3888 10,
5865 3898 5931 3929 un-
5848 3937 5942 3971 fran-
5860 3982 5936 4017 kirt
5873 4027 5932 4071 20,
5869 4074 5929 4108 bis
5853 4119 5940 4162 15 g
5838 5240 5933 5275 fran-
5846 5285 5926 5324 kirt
5861 5329 5921 5371 20,
5852 5386 5918 5415 un-
5836 5423 5931 5457 fran-
5846 5467 5923 5508 kirt
5859 5512 5920 5556 40,
5826 5559 5943 5603 für je
5839 5604 5929 5649 15 g
6020 3776 6056 3820 5,
6000 3826 6069 3860 mit
6003 3871 6065 3906 be-
5984 3918 6082 3953 zahl-
6003 3968 6065 3998 ter
5983 4009 6075 4044 Ant-
5983 4060 6077 4090 wort
6008 4100 6054 4135 10
6009 5422 6055 5462 10
6113 3845 6213 3881 siehe
6134 3893 6207 3926 Be-
6118 3945 6215 3976 mer-
6113 3983 6215 4026 kung
6102 4024 6227 4070 1 u. 2
6091 5126 6237 5170 5 für je
6110 5172 6212 5215 50 g,
6125 5218 6196 5260 Ge-
6089 5265 6240 5303 schäfts-
6088 5311 6236 5354 papiere
6097 5355 6229 5390 minde-
6106 5405 6207 5440 stens
6127 5442 6186 5489 20,
6101 5491 6213 5530 Waa-
6119 5545 6202 5577 ren-
6095 5581 6227 5625 proben
6095 5626 6224 5663 minde-
6106 5676 6205 5710 stens
6138 5715 6185 5755 10
6300 3843 6355 3886 20,
6265 3890 6382 3924 Rück-
6256 3936 6390 3971 schein-
6255 3982 6391 4025 gebühr
6298 4026 6347 4067 20
6286 5330 6342 5374 20,
6248 5376 6365 5411 Rück-
6242 5422 6375 5457 schein-
6241 5467 6374 5511 gebühr
6284 5511 6330 5548 20
6426 3752 7376 3799 1) u. 2) Briefe über 15 — 250 g frank. 20 ₰,
6492 3798 7369 3841 unfrankirt 30 ₰. Drucksachen bis
6489 3839 7370 3888 50 g 3 ₰, über 50 — 250 g 10 ₰, über
6492 3888 7369 3934 250 — 500 g 20 ₰, über 500 — 1000 g 30 ₰.
6492 3930 7369 3981 Waarenproben bis 250 g 10 ₰. Ge-
6492 3981 7369 4027 schäftspapiere gegen ermässigte Taxe
6491 4027 7370 4072 nicht zulässig. Eilbestellgebühr bei
6492 4073 7365 4117 Vorausbezahlung nach Postorten 25 ₰,
6491 4119 7365 4162 nach Orten ohne Postanstalt 80 ₰. Nach
6490 4165 7364 4201 österr. Orten ohne Postanstalt Voraus-
6489 4210 7005 4253 bezahlung nicht zulässig.
6420 4251 7368 4305 3) Postkarten mit Antwort 20 ₰. Im Grenz-
6487 4301 7365 4347 bezirk (30 km) Briefe frankirt 10 ₰, un-
6486 4348 7366 4394 frankirt 20 ₰ für je 15 g. Für Eil-
6486 4394 7248 4436 sendungen 25 ₰ vorauszubezahlen.
6416 4439 7140 4482 5) Postkarten mit Antwort 20 ₰.
6417 4484 7362 4529 6) Im Grenzbezirk (30 km) Briefe frank. 10 ₰,
6484 4530 7356 4576 unfrank. 20 ₰ für je 15 g. Für Eilsend.
6484 4576 7358 4620 nach Postorten 25 ₰ vorauszubezahlen.
6484 4622 7150 4665 Postkarten mit Antwort 20 ₰.
6412 4668 6451 4709 7)
6412 4714 6450 4759 8)
6415 4761 6449 4804 9)
6523 4715 7172 4757 Postkarten mit Antwort 20 ₰.
6396 4806 7350 4849 10) Postkarten mit Antwort 20 ₰. Für Eii-
6483 4852 7208 4895 sendungen 25 ₰ vorauszubezahlen.
6388 4894 7357 4943 11) Postkarten mit Antwort 20 ₰. Muster von
6479 4941 7360 4988 roher oder gesponnener Seide nur bis 100 g,
6480 4989 7288 5030 Tabakmuster überhaupt nicht zulässig.
6395 5031 7358 5078 12) Postkarten mit Antwort 20 ₰. Für Eil-
6481 5082 7218 5124 sendungen 25 ₰ vorauszubezahlen.
6395 5126 7122 5169 13) Postkarten mit Antwort 20 ₰.
6392 5217 7339 5260 15) Postkarten mit Antwort 20 ₰. Im Grenz
6478 5263 7339 5309 bezirk (30 km) Briefe frankirt 10 ₰, un
6476 5308 7336 5353 frankirt 20 ₰ für je 15 g. Für Eil
6477 5354 7216 5399 sendungen 25 ₰ vorauszubezahlen.
6388 5399 6444 5439 16)
6385 5439 6444 5488 17)
6500 5422 7141 5465 Postkarten mit Antwort 20 ₰.
6389 5490 7355 5535 18) Postkarten mit Antwort 20 ₰. Für Eil-
6474 5535 7170 5581 sendungen nach Postorten 25 ₰.
6376 5668 7338 5719 20) Für Eilbriefe nach Postorten 25 ₰ voraus-
6472 5717 7341 5759 zubezahlen. Postkarten mit Antwort 20 ₰.
6381 5759 7343 5810 21) Postkarten mit Antwort 20 ₰. Im Grenz-
6463 5808 7345 5854 bezirk (30 km) Briefe frank. 10 ₰, unfrank.
6471 5852 7344 5901 20 ₰ für je 15 g. Eilbestellgeld 25 ₰.
6384 5898 7335 5945 22) Eilbestellgeld für Einschreibbriefe nach
6469 5945 7186 5989 Postorten 30 ₰ vorauszubezahlen.
6469 5991 7119 6032 Postkarten mit Antwort 20 ₰.
6382 6034 7348 6080 23) Einschl. Gibraltar u. der Balearischen Inseln.
6469 6079 7341 6125 Postkarten mit Antwort nach Spanien und
6471 6128 6799 6170 Gibraltar 20 ₰.
6384 6171 7121 6217 24) Postkarten mit Antwort 20 ₰.
6381 6351 7197 6397 26) Zw. † über Brindisi und Bombay.
6386 6397 7352 6440 28) Nach Smyrna und Beirut Postkarten mit
6469 6445 6788 6488 Antwort 20 ₰.
6385 6527 7340 6575 31) Hindostan und Britisch Birma. Postkarten
6471 6577 6874 6618 mit Antwort 20 ₰.
7651 3443 7770 3481 Nach:
7439 3613 7686 3658 32) Ceylon.
7440 3659 7783 3704 33) Von China:
7476 3705 7993 3750 a. Amoy, Canton, Foo-
7533 3752 7994 3795 Chow, Fusanpo, Gen
7517 3797 7981 3840 zanshin, Hankow, Jinsen
7535 3842 7992 3887 Kiung-Schow (Hoihow),
7529 3887 7902 3933 Ningpo, Shanghaï,
7530 3936 7703 3975 Swatow.
7473 3981 7987 4021 b. Peking, Tien-Tsin Zw.
7476 4028 7679 4073 c. Peking.
7477 4070 7821 4114 d. Kalgan, Urga.
7474 4117 7874 4162 e. Alle übrig. Orte.
7437 4163 7693 4207 34) Cypern.
7436 4209 7747 4253 35) Hongkong.
7430 4255 7667 4300 36) Japan.
7434 4298 7989 4345 37) Kaschmir (Kaschmir).
7432 4347 7690 4388 38) Labuan.
7432 4392 7694 4432 39) Masoat.
7431 4439 7696 4475 40) Persien.
7430 4474 7963 4521 41) Straits Settlements.
7428 4525 7987 4572 42) Tibet, Klein-, (Ladakh)
7427 4570 7987 4621 43) Französische Kolo-
7524 4622 7621 4663 nien.
7429 4660 7991 4712 44) Niederländische Ko-
7522 4713 7658 4753 lonien.
7428 4753 7982 4801 45) Portugiesische Ko-
7520 4804 7657 4839 lonien.
7426 4846 7956 4893 46) Spanische Kolonien.
7602 4894 7807 4933 Afrika.
7425 4940 7713 4984 47) Algerien.
7425 4986 7656 5028 48) Assab.
7426 5026 7982 5076 49) Egypten mit Nubien
7521 5074 7842 5122 und dem Sudan.
7424 5120 7681 5167 50) Liberia.
7422 5164 7713 5208 51) Marocco.
7422 5213 7655 5256 52) Obock.
7425 5252 7986 5304 53) Tripolis (Hptst. allein).
7424 5304 7982 5349 54) Tunis (Hauptstadt u.
7528 5348 7981 5395 folg. Hafenorte: Djerba
7510 5390 7978 5441 [Dscherba], Madhia [Me-
7517 5438 7973 5486 diah], Monastir [Mistir],
7518 5484 7978 5530 Sfax [Sfaks], Soussa
7514 5529 7976 5577 [Susa], la Goulette [la
7514 5577 7972 5620 Goletta], Bardo, Béjà
7508 5620 7974 5667 [Bedscha], Bizerte [Bi-
7511 5666 7974 5712 sert], Gabès [Gabes] u.
7509 5716 7607 5752 Kef).
7417 5758 7871 5804 55) Zanzibar, Stadt,
7510 5803 7972 5841 andere Orte der Insel
7508 5848 7969 5893 wie des Hauptlandes
7508 5895 7975 5940 Zanzibar, deren Verkehr
7509 5939 7974 5978 durch das Postamt in
7508 5985 7971 6029 Zanzibar (Stadt) ver-
7508 6031 7760 6068 mittelt wird.
7414 6075 7921 6119 56) Britische Kolonien.
7414 6118 7969 6167 57) Französische Kolo-
7505 6168 7608 6209 nien.
7413 6248 7966 6298 58) Portugiesische Kolo-
7505 6298 7607 6337 nien.
7413 6525 7946 6573 59) Spanische Kolonien.
8053 3429 8153 3470 Briefe.
8081 3561 8123 3596 Pf.
8047 4884 8138 4928 fran-
8051 4935 8127 4974 kirt
8067 4974 8121 5023 20,
8061 5030 8125 5065 un-
8042 5072 8138 5106 fran-
8054 5117 8128 5156 kirt
8065 5161 8121 5204 40,
8030 5209 8136 5252 für je
8045 5254 8132 5299 15 g
8195 3406 8272 3432 Post-
8186 3462 8287 3488 karten.
8212 3564 8254 3591 Pf.
8203 5097 8249 5139 10
8318 3324 8421 3355 Druck-
8316 3359 8423 3388 sachen,
8302 3394 8430 3422 Waaren-
8313 3425 8424 3460 proben,
8344 3459 8396 3491 Ge-
8312 3495 8428 3525 schäfts-
8311 3530 8427 3564 papiere.
8350 3563 8393 3594 Pf.
8352 4749 8378 4792 5
8305 4798 8419 4842 für je
8312 4844 8418 4888 50 g,
8329 4891 8396 4930 Ge-
8291 4933 8432 4969 schäfts-
8328 4992 8391 5027 pa-
8308 5028 8412 5073 piere
8290 5074 8427 5109 minde-
8305 5124 8411 5155 stens
8336 5164 8394 5210 20,
8309 5212 8415 5250 Waa-
8321 5266 8400 5295 ren-
8284 5302 8418 5347 proben
8284 5347 8422 5383 minde-
8304 5398 8404 5431 stens
8336 5437 8381 5476 10
8494 3368 8563 3398 Ein-
8463 3424 8582 3455 schreib-
8467 3482 8582 3516 gebühr.
8503 3561 8544 3587 Pf.
8489 5000 8549 5044 20,
8454 5047 8579 5087 Rück-
8442 5093 8580 5131 schein-
8441 5139 8580 5181 gebühr
8488 5183 8536 5219 20
8943 3436 9226 3480 Bemerkungen.
8606 3609 9566 3652 33) a. Ausserdem können gewöhnliche fran-
8695 3653 9565 3697 kirte Briefsendungen nach folgenden,
8696 3699 9564 3742 durch das britische Postamt in Hongkong
8696 3744 9566 3786 bedienten Orten abgesandt werden: Am-
8695 3790 9562 3835 ping, Chefoo, Chinkiang, Chungking,
8696 3835 9564 3880 Fatshan, Hangchow, Ichang, Kaiping, Kee-
8695 3881 9564 3926 lung, Kiukiang, Macao, Nanking, New-
8695 3927 9562 3972 chwang, Pagoda Anchorage, Pakhoi,
8693 3972 9559 4015 Taiwan-foo, Takao, Taku, Tamsui, Vladi-
8693 4019 9559 4063 vostock, Wenchow, Whampoa, Wuchang,
8695 4065 9041 4105 Wuhu u. Yentai.
8717 4109 9558 4155 c. Zw. † über Russland nur auf Verlangen.
8715 4155 9561 4197 d. über Russland, oder Zw. † über Italien
8775 4201 9114 4243 oder Frankreich.
8718 4246 9522 4289 e. Zw. † über Italien oder Frankreich.
8589 4289 9337 4336 36) Postkarten mit Antwort 20 ₰.
8600 4336 9394 4380 37) Zw. † über Brindisi und Bombay.
8600 4385 9556 4429 40) Ueber Russland, sofern nicht üb. Suez u. Bom-
8691 4424 9557 4474 bay verlangt wird. Postkarten m. Antw. 20 ₰.
8599 4474 9274 4519 41) Malacca, Penang, Singapore.
8598 4522 9394 4565 42) Zw. † über Brindisi und Bombay.
8600 4565 9560 4612 43) Chandernagor, Karikal, Mahé, Pondichery
8690 4613 9559 4655 u. Yanaon, franz. Cochinchina nebst Kam-
8688 4659 9110 4698 bodscha und Tonkin.
8598 4703 9557 4750 44) Java (Batavia), Celebes (Macassar), Borneo,
8689 4750 9556 4793 Sumatra, Madura, Billiton, Banca Archi-
8687 4795 9554 4840 pel, Riouw Archipel, Bali, Lombock, Sum-
8687 4841 9556 4885 bava, Flores, südwestliche Theil von
8689 4884 9554 4930 Timor, Moluccen. Postkart. m. Antw. 20 ₰.
8596 4932 9555 4977 45) Daman, Diu, Goa, Macao, der nordöstliche
8686 4976 9557 5019 Theil von Timor. Postkart. m. Antw. 20 ₰.
8595 5022 8920 5070 46) Philippinen.
8597 5070 9331 5111 47) Postkarten mit Antwort 20 ₰.
8595 5111 8961 5158 48) Ueber Italien.
8595 5159 9558 5204 49) Ueber Italien, sofern nicht über Triest
8685 5205 9553 5249 verlangt wird. Postkarten mit Antwort
8686 5249 9104 5295 nach Egypten 20 ₰.
8581 5295 9325 5342 50) Postkarten mit Antwort 20 ₰.
8589 5341 9551 5384 51) Nach Tanger Postkarten mit Antwort 20 ₰.
8590 5387 8931 5431 52) Ueber Aden.
8589 5431 9314 5477 53) Ueber Italien oder Frankreich.
8590 5479 9313 5525 54) Ueber Italien oder Frankreich.
8588 5741 9547 5788 55) Ueber Aden. Mit Ausnahme von Zanzibar
8677 5792 8934 5836 (Stadt) Zw.
8584 5883 9549 5926 56) Mauritius nebst Amiranten, Seychellen
8673 5928 9545 5972 und Insel Rodriguez, Goldküste, Gambien,
8672 5973 9547 6021 Lagos, Sierra Leona. Postkarten mit Ant-
8672 6018 9420 6062 wort nach Gambien u. Lagos 20 ₰.
8583 6063 9543 6111 57) Senegal nebst Zubehör, Mayotta nebst
8673 6109 9540 6155 Zubehör, Gabun mit Gross-Bassam und
8675 6155 9542 6200 Assinie, Réunion, Ste. Marie de Madagascar
8673 6201 9323 6241 und Tamatave auf Madagascar.
8580 6246 9539 6293 58) Adjuda, Angola, Azoren, Bissao, Cacheo,
8678 6291 9537 6339 Capverdische Inseln, Madeira, Mozambique,
8674 6338 9536 6383 Insel Principe, Insel St. Thomé. Postkarten
8674 6382 9540 6426 mit Antwort 20 ₰. Madeira über Eng-
8670 6428 9540 6472 land, sofern nicht ein anderer Weg ver-
8673 6473 8857 6517 langt ist.
8580 6517 9542 6565 59) Besitzungen an der Nordküste Afrikas,
8666 6562 9542 6614 Anobom, Canar. Inseln, Corisco, Fernando-Po.
