10024 7984
614 849 2000 897 méritent les droits de souveraineté signalés aux égards de la Con-
609 898 770 937 ference.
708 943 1999 992 Le Baron Lambermont rappelle qu'il a expressément men-
612 987 1998 1035 tionné dans son Rapport les intentions manifestées par la Com-
609 1034 1712 1078 mission dans le sens des explications qui précèdent.
708 1078 1994 1126 Le Baron de Courcel, en ce qui concerne spécialement les
610 1127 1993 1170 prérogatives du Sultan de Zanzibar, prend acte de l'accueil
610 1172 1994 1218 favorable que ses explications ont rencontré de la part de la Haute
607 1218 831 1258 Assemblée.
704 1264 1994 1309 De son côté, M. Busch prend acte que d'après les intentions
614 1305 1993 1355 de la Conférence, les réserves établies au profit des souverainetés
613 1355 1993 1397 existantes dans le bassin du Congo ne sauraient concerner des
610 1400 1997 1444 territoires possédés ou à acquérir par l'une des Puissances con-
611 1448 1990 1493 tractantes. Aucune restriction ne pourra être apportée à l'appli-
613 1493 1991 1537 cation du régime conventionnel dans tous les territoires, sans
610 1534 1991 1586 exception, qui sont au seront placés sous la souveraineté de l'une
609 1584 1751 1627 des Puissances représentées dans la Haute Assemblée.
703 1630 1993 1675 M. Kasson demande s'il ne conviendrait pas d'affirmer ex-
608 1675 1993 1720 plicitement les intentions de la Conférence de respecter, d'une
610 1721 1991 1766 manière générale, les droits des chefs indigènes qui se trouvent
609 1766 1990 1811 dans la région délimitée par les Actes. Viser exclusivement une
606 1810 1990 1859 réclamation du Sultan de Zanzibar, ce serait, en quelque sorte,
610 1859 1990 1905 reconnaître indirectement les droits auxquels il prétendrait. N'y
606 1904 1990 1951 aurait-il pas lieu de remanier dans cet esprit la rédaction du projet
610 1950 1989 1996 de Déclaration relative à la liberté du commerce au cas où il y
608 1996 1719 2043 serait introduit un amendement afférent à Zanzibar?
702 2042 1989 2086 Le Baron de Courcel dit que l'on pourrait modifier à cet
607 2084 1991 2133 effet le texte de l'Article I de la Déclaration, mais pour sauve-
607 2133 1989 2180 garder les intérêts spéciaux dont il a entretenu la Conférence, il
606 2179 1989 2224 considère, quant à lui, comme suffisante l'insertion dans le Pro-
603 2225 1163 2266 tocole de ses observations.
696 2271 1988 2316 M. Busch croit qu'il ne serait pas sans inconvénient de
601 2317 1989 2362 remettre en question le texte déjà adopté par la Conférence. Il
600 2361 1987 2409 sera facile de mentionner au Protocole les renseignements com-
598 2407 1986 2451 muniqués par les Représentants de la France et de la Grande
600 2453 1985 2500 Bretagne concernant les droits éventuels du Sultan de Zanzibar,
603 2499 1986 2546 et d'indiquer d'une manière générale que la Conférence entend y
600 2545 1985 2590 avoir égard s'ils sont fondés, sans, d'ailleurs, que cette obser-
598 2590 1985 2636 vation implique la reconnaissance d'aucune prétention. Enfin, le
599 2635 1985 2679 Protocole pourrait constater les sentiments de la Haute Assemblée
598 2681 1988 2725 relativement aux ménagements à observer vis-à-vis des chefs in-
601 2727 1603 2772 digènes dont la situation préoccupe M. Kasson.
698 2774 1985 2817 Le Baron de Courcel et Sir Edward Malet se rallient
602 2819 1984 2866 volontiers à cette manière de voir, au sujet de laquelle Saïd
604 2864 1983 2911 Pascha exprime également son approbation et qui obtient l'ad-
604 2909 1914 2954 hésion de tous les Plénipotentiaires dans la Haute Assemblée.
693 2956 1978 3003 Le Comte Kapnist demande à placer sous le patronage de
600 3000 1982 3050 la Haute Assemblée un vœu émis dans plusieurs Congrès de
597 3048 1983 3092 météorologues et chaleureusement recommandé au Gouvernement
595 3091 1982 3144 Russe par le président du Comitè International de météorologie,
594 3138 1983 3182 M. Wild, qui est en même temps chef de l'observatoire de St.-
599 3183 1981 3229 Pétersbourg. Il s'agirait de faciliter l'établissement d'une station
595 3230 1983 3278 météorologique dans les régions supérieures du Congo. On sait
599 3274 1981 3322 les progrès que les observations d'après le système horaire des
600 3320 1980 3366 climats dans différents pays ont fait faire à la science dans ces
597 3366 1981 3411 derniers temps. Comme ces observations, en dehors de leur
593 3411 1979 3461 intérêt scientifique, peuvent être d'une grande utilité pratique
593 3458 1980 3505 pour le développement de la culture dans les régions qui forment
592 3503 1981 3549 l'objet de la présente Conférence, la Haute Assemblée voudra
594 3549 1979 3596 peut-être accueillir favorablement, et enregister dans Ses Proto-
596 3594 1978 3643 coles, le vœu du Comité International de météorologie. — Des
596 3640 1984 3688 données précises sur le climat de l'Afrique manquent absolu-
600 3686 1979 3732 ment, tandis que le Comité météorologique en a recueilli
596 3731 1980 3779 déjà daus toutes les autres parties du monde. L'établissement
593 3776 1978 3825 d'une station dans les contrées peu explorées qui occupent la Haute
592 3822 1978 3871 Assemblée offrirait d'assez grandes difficultés et dépasserait les
596 3868 1977 3913 moyens du Comité météorologique. La Commission locale de navi-
599 3913 1978 3967 gation qui sera établie au Congo sera en mesure, le cas échéant,
594 3958 1979 4007 d'offrir, à peu de frais, un concours précieux pour l'établissement
598 4003 1979 4054 de cette station, et un vœu enregistré par la Conférence pourrait
597 4049 1976 4099 lui servir de point de départ dans cette voie. Le président du
592 4094 1980 4145 Comité de météorologie, M. Wild, se mettrait, dans ce cas, à la
591 4139 1974 4188 disposition de la Commission, pour lui donner toutes les indications
592 4186 1068 4227 techniques nécessaires.
686 4231 1974 4277 M. Busch pense que l'on pourrait mentionner au Protocole
591 4275 1975 4329 la recommandation demandée par le Comte Kapnist et dont l'objet
591 4322 1839 4372 semble de nature à mériter la sollicitude de la Conférence.
687 4367 1973 4420 La Haute Assemblée exprime son adhésion à cet égard.
687 4412 1976 4465 Le Président aborde le 3ᵉ point de l'ordre du jour. Il
592 4456 1977 4510 donne lecture d'une proposition, dite du Comité de rédaction, re-
587 4503 1976 4552 lative à l'insertion, dans la Déclaration afférente à la liberté
591 4548 1974 4599 commerciale, d'un Article additionnel affirmant et définissant la
590 4594 1974 4647 neutralité de la zone franche (Annexe No. 1.) (No. 33 des docu-
589 4639 948 4682 ments imprimés).
684 4685 1972 4731 Les auteurs de ce texte ont pris comme base de leur travail
587 4730 1968 4781 la motion primitivement formulée par M. Kasson qu'ils ont trans-
588 4776 1971 4829 formée en l'amendant. M. Busch lit ensuite le texte d'un paragraphe
587 4821 1972 4873 additionnel que le Représentant de la Grande-Bretagne désire faire
588 4867 1972 4921 ajouter au 4ᵉ alinéa de la proposition susmentionné (Annexe No. II.
586 4911 1974 4963 (No. 34 des documents imprimés). Le Président donne enfin
591 4956 1972 5011 connaissance des propositions, dites éventuelles présentées par le
589 5002 1972 5058 Plénipotentiaire d'Italie et se rapportant au même sujet (Annexe
591 5047 1500 5096 No. III.) (No. 26 des documents imprimés).
685 5094 1970 5144 A cette occasion, M. Busch fait, au nom du Gouvernement
594 5139 1329 5184 Allemand, la Déclaration suivante:
870 5185 1976 5235 „Le Gouvernement Impérial est heureux de con-
803 5232 1970 5286 stater qu'après de longues et laborieuses délibérations,
802 5275 1973 5328 la Conférence est arrivée à se mettre d'accord sur
800 5322 1971 5371 une grande partie du programme qui lui avait été
802 5367 1968 5421 soumis, lors de sa convocation. En effet, les principes
798 5411 1973 5463 établis dans la Déclaration relative à la liberté commer-
799 5456 1972 5505 ciale dans le bassin du Congo et l'ensemble des dis-
797 5502 1967 5556 positions consignées dans les deux Actes de navigation
800 5547 1968 5593 du Congo et du Niger sont de nature à assurer au com-
804 5594 1968 5639 merce de toutes les nations le libre accès à une vaste
798 5637 1969 5692 partie du continent Africain. Mais pour que ces prin-
805 5682 1966 5733 cipes adoptés à l'unanimité portent réellement les fruits
803 5732 1966 5782 que nous nous en promettons, il faudrait, dans l'opinion
800 5773 1966 5827 du Gouvernement Allemand, les couvrir d'une garantie
802 5818 1966 5872 supplémentaire propre à encourager les entreprises du
803 5866 1965 5913 commerce, en leur assurant la protection du droit inter-
798 5907 1965 5965 national contre les dangers de guerre dont elles pour-
802 5953 1243 5997 raient être menacées.
868 5999 1966 6053 „Cette garantie consisterait dans un engagement
798 6044 1968 6095 mutuel que prendraient les Puissances de renoncer à
797 6090 1966 6136 étendre en temps de guerre leurs hostilités aux terri-
797 6133 1965 6188 toires formant le bassin commercial du Congo. Cet
799 6182 1963 6233 engagement ne serait que le complément des dispositions
794 6224 1962 6280 déjà adoptées par la Conférence. Faute de garantie
798 6270 1964 6317 contre les dangers de guerre, les établissements à fonder
796 6313 1962 6366 dans ces pays manqueraient de la principale condition
799 6358 1963 6407 de réussite, de la confiance dans le maintien de l'ordre
797 6403 1714 6456 public et dans la sécurité des droits acquis.
868 6450 1962 6502 „C'est dans cet ordre d'idées que la proposition faite
800 6494 1962 6549 par M. le Plénipotentiaire des Etats-Unis d'Amérique
800 6539 1961 6591 sous le No. 22 des documents imprimés, en vue de
802 6580 1960 6635 la neutralisation du bassin du Congo, a été saluée avec
803 6627 1881 6683 une vive satisfaction par le Gouvernement Impérial.
872 6671 1961 6727 „Dans l'exposé dont M. Kasson a accompagné sa
799 6717 1959 6771 proposition, il a signalé à quels dangers les commer-
806 6763 1959 6817 çants et leurs entreprises se verraient exposés, si les
799 6804 1961 6859 Puissances ne s'entendaient pas sur la neutralisation
799 6849 1962 6902 du bassin du Congo. En effet, les conditions dans les-
798 6895 1960 6951 quelles l'Afrique centrale est sur le point d'être ouverte
798 6940 1961 6996 à la civilisation, offrent bien des analogies avec les
2279 853 3466 904 premières époques de l'histoire de l'Union Américaine.
2279 904 3463 950 Il y aurait donc lieu de profiter du conseil qui vient
2279 950 3460 996 d'étre donné de la part du Gouvernement d'un pays qui
2278 996 3464 1039 a tant souffert des guerres entre des Puissances Euro-
2276 1043 3459 1086 péennes et de la part qu'y ont prise les naturels du
2275 1091 2379 1129 pays.
2351 1133 3460 1177 „Le Gouvernement Impérial est prêt a adhérer à la
2275 1179 3457 1224 proposition Américaine sous la forme de rédaction qui
2275 1224 3456 1265 a été soumise à la Conférence sous le No. 33 des docu-
2275 1270 3109 1314 ments distribués aux Plénipotentiaires.“
2158 1315 3457 1353 M. Kasson déclare adhérer à la rédaction du document
2066 1356 2571 1396 distribué sous le No. 33.
2158 1407 3453 1453 Le Comte de Launay fait remarquer que ses deux propo-
2065 1452 3453 1497 sitions éventuelles (No. 26 des documents imprimés) ont été com-
2065 1497 3452 1543 muniquées aux Plénipotentiaires avant qu'il ait eu connaissance
2064 1543 3453 1588 de la rédaction du document imprimé sous le No. 33. Il se félicite
2064 1589 3453 1635 de trouver reproduite dans ce dernier document une partie des
2065 1635 3451 1680 idées qu'il avait pris l'initiative de soumettre à la Conférence, et
2064 1680 3450 1727 il remercie le Comité de rédaction de les avoir ainsi appliquées.
2152 1723 3450 1772 Sir Edward Malet est heureux de constater l'accord qui
2063 1773 3450 1817 s'est manifesté entre les Représentants de l'Allemagne et ceux
2063 1818 3448 1863 des Etats-Unis, pour adhérer à la proposition actuellement soumise
2062 1864 3448 1910 à la Conférence. Il joint son adhésion à celle exprimée, au nom
2061 1910 3448 1955 des deux Gouvernements, en faveur du projet présenté par le
2061 1955 3447 2002 Comité de rédaction. Il désire seulement qu'il soit ajouté à ce
2060 2001 3448 2047 texte l'alinéa, indiqué dans le document imprimé sous le No. 34.
2153 2047 3446 2092 Le Comte de Launay est convaincu de l'insuffisance de
2061 2092 3446 2139 l'œuvre de la Conférence, si l'immunité de guerre, déjà stipulée
2061 2140 3446 2185 en faveur de la navigation marchande, ne devait pas s'étendre
2060 2184 3446 2230 aussi aux territoires compris dans le bassin conventionnel du
2061 2231 3445 2276 Congo. En invoquant, à l'appui, les motifs contenus dans le
2061 2276 3446 2322 mémoire présenté par le Plénipotentiaire des Etats-Unis d'Amé-
2060 2321 3445 2368 rique, le Plénipotentiaire d'Italie s'associe à la proposition de
2059 2368 3445 2415 M. Kasson, ou à toute autre — comme celle présentée par le
2060 2413 3445 2460 Comité de rédaction (No. 33), — qui se rapprocherait le plus de
2059 2459 3445 2505 ses dispositions essentielles. Celles-ci ne sauraient porter atteinte
2059 2504 3445 2551 à la souveraineté des Etats qui possèdent ou posséderont des
2059 2551 3445 2596 colonies dans les régions susmentionnées, du moment où, en toute
2056 2596 3445 2642 liberté, ils auraient donné leur assentiment à un régime conforme
2058 2642 2667 2685 d'ailleurs à l'intérêt commun.
2151 2685 3445 2735 Le Baron de Courcel dit que son Gouvernement apprécie
2057 2737 3445 2781 autant que tout autre les bienfaits d'une paix perpétuelle. Quant
2055 2780 3444 2828 aux stipulations précises actuellement proposées à l'agrément de
2055 2825 3444 2864 la Conférence en vue d'assurer ces bienfaits au domaine de la
2055 2871 3449 2921 liberté commerciale, le Représentant de la France a déjà développé,
2056 2918 3447 2965 devant la Commission, les motifs pour lesquels elles lui paraissent
2055 2964 3443 3009 ou superflues ou impraticables Il ne croit pas nécessaire de
2054 3009 3444 3056 revenir sur les arguments qu'il a déjà fait valoir à ce sujet et
2052 3055 3444 3104 se borne à exprimer le regret de n'avoir pu, jusqu'à présent,
2052 3100 3446 3148 adhérer à des propositions analogues à celles dont s'occupe en ce
2054 3147 2525 3187 moment la Conférence.
2144 3192 3439 3240 Le Comte de Launay répond que l'expression „jusqu'à présent“
2055 3237 3443 3286 employée par le Baron de Courcel laisse encore quelqu'espoir
2054 3283 3442 3331 qu'à un moment donné et sous une forme quelconque, il pourra
2053 3330 3440 3369 être trouvé une rédaction de nature à obtenir l'adhésion du Pléni-
2053 3374 3441 3422 potentiaire de la France l'Ambassadeur d'Italie estime que la
2053 3420 3441 3466 question ne devant pas être considérée comme définitivement
2052 3466 3439 3515 écartée, il ne sera pas superflu de donner quelques explications
2052 3511 2997 3560 relatives à ses deux propositions éventuelles.
2143 3558 3440 3605 Dans la première, il élimine le terme „neutralité“ et lui
2052 3603 3438 3648 substitue une renonciation des Puissances à étendre toute action
2051 3648 3438 3697 militaire au bassin du Congo, ainsi que sur la mer territoriale
2051 3695 2948 3741 faisant face aux embouchures de ce fleuve.
2142 3740 3437 3788 Il a présenté une autre proposition subsidiaire. Son Excellence
2051 3785 3437 3836 hésitait à suggérer un arbitrage, lors même qu'il ne s'agirait que
2051 3831 3437 3881 d'une application restreinte de ce système et bien que l'Italie, en
2051 3877 3438 3928 ce qui la concerne, ait déjà introduit ce principe dans plusieurs
2053 3919 3438 3971 Traités de commerce, de navigation, etc. Mais, à défaut d'un
2051 3969 3442 4017 engagement mutuel de ne pas porter la guerre dans les terri-
2050 4013 3437 4064 toires commerciaux définis dans la première Déclaration de la
2049 4057 3437 4109 Conférence, il conviendrait peut-être, en ce qui les concerne
2050 4104 3435 4156 spécialement, de donner plus d'efficacité au vœu émis par le
2051 4150 3435 4204 Congrès de Paris. (Séance du 14 avril 1856, Protocole No. XXIII).
2046 4196 3028 4245 Le Comte de Launay en rappelle les termes.*)
2139 4242 3434 4294 Le vœu se transformerait en l'engagement — s'il se pro-
2047 4286 3437 4336 duisait un dissentiment sérieux — de recourir à l'action média-
2047 4332 3268 4383 trice d'une Puissance amie avant d'en appeler aux armes.
2138 4379 3433 4431 Dans cette proposition il n'y a rien également qui puisse
2048 4426 3432 4477 porter atteinte au respect dû aux droits et à l'indépen-
2048 4470 3434 4523 dance des Etats qui, en définitive, resteront seuls juges des
2048 4515 3431 4564 exigences de leur honneur et de leurs intérêts. Le médiateur
2045 4561 3433 4613 fournirait aux Parties en litige l'occasion de s'expliquer et
2044 4607 3431 4660 d'entendre une voix amie et impartiale qui les disposerait peut-
2047 4651 3429 4706 être à l'aplanissement des difficultés. Il importerait de ne pas
2047 4698 2502 4741 en négliger la chance.
2137 4744 3429 4797 C'est précisément parce que, à certains égards, l'Italie peut
2045 4791 3428 4842 se montrer plus désintéressée, dans les régions de l'Afrique cen-
2045 4835 3433 4887 trale et occidentale que d'autres Etats, et parce que le Gouverne-
2044 4880 3431 4934 ment du Roi s'applique, selon Son programme, à contribuer pour
2043 4923 3432 4977 Sa part au maintien de la paix, que le Plénipotentiaire de Sa
2043 4971 3432 5020 Majesté se sent encouragé à exprimer ainsi sa manière de voir. —
2043 5013 3427 5068 Toutes les Puissances ici représentées cherchent, sans arrière-
2043 5064 3428 5116 pensée, à concilier dans une mesure équitable les vues politiques
2044 5108 3427 5159 avec les intérêts moraux et matériels dont elles entendent favo-
2043 5153 3430 5207 riser et assurer le développement pacifique. Leurs Plénipoten-
2040 5198 3427 5251 tiaires sont animés des mêmes dispositions. Il y a donc lieu
2044 5243 3428 5297 d'espérer que, moyennant quelque compromis, la Conférence saura
2042 5292 2753 5332 trouver une solution satisfaisante.
2130 5335 3427 5388 Le Comte de Launay ajoute qu'à la présente séance il paraît
2043 5379 3425 5439 impossible d'obtenir l'unanimité en faveur d'une des propositions
2043 5426 3425 5478 actuellement en délibération, mais que la question pourrait être
2041 5471 3424 5525 utilement renvoyée à une des prochaines séances. D'ici là, les
2041 5515 3425 5569 Plénipotentiaires auront reçu des instructions nouvelles, une
2040 5561 3425 5617 formule de conciliation aura été recherchée et peut-être l'accord
2039 5608 2438 5650 pourra-t-il s'établir.
2131 5653 3427 5705 Le Président consulte l'Assemblée au sujet de l'ajournement
2042 5698 2382 5741 de la discussion.
2130 5744 3101 5791 Saïd Pacha se prononce en faveur du renvoi.
2128 5789 3421 5842 M. Kasson désire ajouter que sa proposition n'a pas un
2039 5833 3423 5887 objet théorique, mais bien un objet pratique. Il s'agit de
2039 5881 3423 5930 couronner l'œuvre de la Conférance en assurant la sécurité des
2039 5925 3419 5977 entreprises qui vont être tentées et des essais commmerciaux qui
2038 5971 3421 6023 vont être poursuivis dans l'Afrique centrale. La guerre n'a pas
2038 6015 3422 6066 seulement pour effet d'interrompre le développement d'une œuvre
2039 6060 3421 6113 commerciale et civilisatrice, elle détruit le travail de longues
2038 6107 3425 6157 années. Le Plénipotentiaire des Etats-Unis accepte l'ajournement
2038 6150 3420 6201 du débat, dans l'espoir qu'il facilitera la recherche d'une formule
2037 6196 2466 6240 acceptable pour tous.
2126 6240 3422 6295 Sir Edward Malet adhère à l'ajournement dans la même
2035 6287 2177 6326 pensée.
2124 6331 3419 6382 La Haute Assemblée prononce le renvoi de la discussion
2036 6376 2502 6416 à une séance suivante.
2123 6421 3417 6471 Le Président mentionne l'approche des fêtes de fin d'année
2036 6467 3419 6518 et consulte divers Plénipotentiaires relativement à l'opportunité
2036 6510 3418 6566 d'interrompre, en conséquence, pendant quelques jours, les travaux
2121 6643 3420 6699 *) Extrait du Protocole No. ⅩⅩⅠⅠⅠ de la séance du 14 avril 1856
2035 6692 2477 6740 du Congrès de Paris:
2306 6739 3416 6787 „Les Plénipotentiaires n'hésitent pas à exprimer, au
2235 6785 3415 6831 nom de leurs Gouvernements, le vœu que les Etats
2237 6829 3416 6877 entre lesquels s'élèverait un dissentiment sérieux, avant
2236 6873 3416 6920 d'en appeler aux armes, eussent recours, en tant que
2236 6918 3414 6963 les circonstances l'admettraient, aux bons offices d'une
2236 6957 2589 7003 Puissance amie.“
3536 853 4898 913 de la Haute Assemblée. A la suite de cet échange d'idée
3536 908 4894 957 M. Busch fait connaître que ni la Conférance, ni la Commissio
3536 955 4400 1000 ne seront convoquées avant le 5 janvier.
3628 1029 4366 1077 La séance est levée à 4 heures ¼.
3579 1124 4026 1174 signé: SZÉCHÉNYI.
3743 1173 4674 1219 CTE AUGTE VAN DER STRATEN PONTHOZ.
3739 1219 4163 1259 BN LAMBERMONT.
3739 1267 3940 1306 E. VIND.
3740 1312 4235 1356 COMTE DE BENOMAR.
3737 1356 4155 1399 JOHN A. KASSON.
3737 1404 4099 1443 H. S. SANFORD.
3738 1450 4203 1491 ALPH. DE COURCEL.
3738 1494 4214 1536 EDWARD B. MALET.
3739 1542 3947 1583 LAUNAY.
3737 1588 4270 1626 F. P. VAN DER HOEVEN.
3736 1631 4296 1677 MARQUIS DE PENAFIEL.
3736 1681 4307 1718 A. DE SERPA PIMENTEL.
3735 1726 4116 1764 CTE P. KAPNIST.
3736 1773 4065 1810 GILLIS BILDT.
3736 1817 3860 1855 SAID.
3735 1864 3894 1900 BUSCH.
3734 1911 4065 1951 v KUSSEROW.
4292 2008 4917 2051 Certifié conforme à l'original:
4333 2066 4561 2104 RAINDRE.
4333 2111 4848 2153 COMTE W. BISMARCK.
4332 2153 4554 2197 SCHMIDT.
3517 2378 4229 2429 Annexe No. Ⅰ au Protocole No. 6.
4064 2465 4365 2511 Proposition
3519 2537 4905 2580 du Comité de rédaction pour un Article additionnel à la Déclaration
3518 2583 4906 2627 relative à la liberté du commerce dans le bassin conventionnel
4112 2629 4319 2672 du Congo.
4127 2706 4306 2751 (No. 33.)
3609 2789 4904 2827 Afin d'assurer le maintien de la liberté du commerce et de
3517 2834 4902 2877 la navigation, même en temps de guerre, dans toutes les contrées
3515 2880 4901 2925 mentionnées aux paragraphes 1 et 2 de l'Article Ⅰ de la présente
3517 2926 4904 2972 Déclaration et placées sous le régime de la liberté commerciale,
3517 2972 4904 3016 les Puissances signataires de la présente Déclaration adoptent les
3515 3018 3905 3060 principes suivants:
3607 3064 4903 3108 La totalité du bassin, y compris les territoires qui s'y trouvent
3515 3110 4899 3153 soumis à la souveraineté ou au protectorat d'une des Puissances
3513 3155 4902 3198 belligérantes, sera considérée comme territoire d'un Etat non-
3513 3201 3739 3241 belligérant.
3607 3249 4900 3291 En conséquence, dans le cas d'une guerre entre des Puis-
3511 3295 4898 3337 sances signataires de la présente Déclaration, celles-ci s'engagent
3510 3341 4898 3386 a renoncer à étendre les hostilités aux territoires compris dans
3510 3386 4835 3430 ce bassin ou à les faire servir de base d'opérations de guerre.
3605 3432 4898 3474 Sera interdit aux vaisseaux belligérants le séjour dans les
3512 3478 4899 3522 eaux territoriales de ce bassin, sauf en cas de tempête ou de
3511 3524 3994 3565 réparations nécessaires.
3604 3570 4897 3613 Dans ces cas le vaisseau belligérant quittera ces eaux, aussitôt
3511 3615 4893 3660 que la tempête aura cessé ou que les avaries auront été réparées;
3510 3660 4896 3705 il ne pourra y prendre du charbon qu'en quantité suffisante peur
3508 3705 4897 3752 lui permettre d'atteindre le port national le plus proche, situé en
3509 3751 3922 3788 dehors dudit bassin.
3603 3799 4897 3835 Dans le cas où des difficultés s'élèveraient entre des Puissances
3513 3843 4897 3888 signataires de la présente Déclaration qui exerceraient des droits
3513 3890 4898 3936 de souveraineté ou de protectorat dans ledit bassin, les parties
3510 3937 4898 3972 renoncent à recourir aux hostilités dans le même bassin et
3508 3982 4895 4024 s'engagent à faire appel à la médiation ou à s'en remettre à l'ar-
3507 4026 4520 4070 bitrage d'une ou de plusieurs Puissances amies.
3600 4074 4894 4118 Ces engagements s'étendront également aux Etats indépen-
3507 4118 4895 4161 dants établis ou qui s'établiraient sur le littoral de la zone
3506 4164 4893 4209 orientale, mentionnée au paragraphe 3 de l'Article Ⅰ de la présente
3505 4210 4502 4254 Déclaration, sous réserve de leur consentement.
3507 4432 4239 4481 Annexe No. ⅠⅠ au Protocole No. 6.
4040 4516 4340 4564 Proposition
4110 4584 4290 4629 (No. 34.)
3683 4651 4708 4701 de M. le Plénipotentiaire de la Grande-Bretagne
3503 4700 4887 4744 d'ajouter à la fin du 4ᵉ alinéa de la Proposition No. 33 les mots
3502 4749 3686 4784 suivants:
3780 4793 4888 4845 „et il ne pourra, après avoir pris du charbon sous
3713 4839 4886 4883 ces conditions, le prendre dans les mêmes eaux qu'après
3712 4883 4309 4923 un intervalle de trois mois.“
3499 5108 4250 5155 Annexe No. ⅠⅠⅠ au Protocole No. 6.
4042 5190 4342 5234 Proposition
3732 5238 4654 5284 éventuelle de M. le Plénipotentiaire d'Italie.
4109 5304 4286 5352 (No. 26.)
4133 5383 4249 5424 No. 1.
3590 5452 4880 5498 Les Puissances signataires du présent Acte et celles qui y
3495 5498 4875 5542 accéderaient  à l'avenir, renoncent, le cas échéant, à étendre toute
3495 5543 4877 5588 action militaire au bassin du Congo, ses embranchements, ses
3495 5588 4876 5632 affluents et ses embouchures, ainsi que sur la mer territoriale
3495 5634 4394 5675 faisant face aux embouchures de ce fleuve.
4132 5710 4248 5753 No. 2.
3942 5779 4423 5824 Proposition subsidiaire.
3589 5849 4874 5896 Dans le but de prévenir, autant que les circonstances l'ad-
3493 5895 4872 5942 mettraient, et sans toutefois porter atteinte à l'indépendance des
3493 5940 4871 5986 Gouvernements, les conséquences d'une guerre qui pourrait s'étendre
3492 5986 4873 6031 au bassin du Congo, ses embranchements, ses affluents et ses
3493 6031 4869 6076 embouchures, ainsi que sur la mer territoriale faisant face aux
3492 6076 4877 6126 embouchures de ce fleuve, et pour ce cas spécial, les Etats signa-
3491 6121 4871 6166 taires du présent Acte, et ceux qui y accéderaient à l'avenir, entre
3489 6164 4872 6212 lesquels s'élèverait un dissentiment sérieux, s'engagent avant d'en
3490 6210 4873 6254 appeler aux armes, de recourir à l'action médiatrice d'une Puis-
3490 6258 3728 6295 sance amie.
6452 838 8092 1009 Oeffentlicher Anzeiger.
5201 927 6235 990 Inſerate für den Deutſchen Reichs⸗ und Königl.
5202 985 6233 1047 Preuß. Staats⸗Anzeiger und das Central⸗Handels⸗
5203 1045 6231 1101 regiſter nimmt an: die Königliche Expedition
5246 1102 6195 1149 des Deutſchen Reichs-Anzeigers und Königlich
5405 1160 6027 1207 Preußiſchen Staats-Anzeigers:
5289 1216 6141 1262 Berlin SW., Wilhelm⸗Straße Nr. 32.
8315 936 9352 989 Inſerate nehmen an: die Annoncen⸗Expeditionen des
8316 995 9350 1045 „Invalidendank“, Rudolf Moſſe, Haafenſtein
8314 1052 9351 1100 & Vogler, G. L. Daube & Co., E. Schlotte,
8314 1108 9349 1155 Büttner & Winter, ſowie alle übrigen größerer
8599 1170 9062 1211 Annoncen⸗Bureaux.
6295 1031 7165 1078 1. Steckbriefe und Untersuchungs-Sachen.
6291 1081 7194 1123 2. Subhastationen, Aufgebote, Vorladungen
6388 1129 6559 1171 u. dergl.
6295 1171 7235 1216 3. Verkäufe, Verpachtungen, Submissionen etc.
6293 1216 7215 1262 4. Verloosung, Amortisation, Zinszahlnng
6389 1262 7084 1304 u. s. w. von öffentlichen Papieren.
7308 1026 8254 1072 5. Industrielle Etablissements, Fabriken und
7402 1074 7658 1109 Grosshandel.
7305 1118 8063 1162 6. Verschiedene Bekanntmachungen.
7304 1164 7829 1208 7. Literarische Anzeigen.
7308 1208 7736 1251 8. Theater-Anzeigen.
7308 1252 7813 1296 9. Familien-Nachrichten.
7906 1203 8214 1249 In der Börsen-
7980 1251 8132 1295 beilage.
5145 1371 6173 1429 Steckbriefe und Unterſuchungs⸗Sachen.
5133 1448 5278 1508 [60673]
5535 1438 5755 1485 Steckbrief.
5184 1479 6172 1544 Gegen den früheren Hülfsgefangenwärter Emil
5139 1529 6171 1586 Braun aus Caſſel, geboren zu Wilhelmshauſen am
5145 1576 6173 1633 10. März 1857, welcher flüchtig iſt, ſoll eine durch
5139 1617 6173 1679 vollſtreckbares Urtheil des Königlichen Landgerichts
5143 1666 6172 1727 zu Caſſel vom 22. September 1884 erkannte Ge⸗
5143 1711 6174 1772 fängnißſtrafe von 1 Jahr 6 Monaten vollſtreckt
5144 1757 6173 1815 werden. Es wird erſucht, denſelben zu verhaften
5146 1803 6177 1858 und in das nächſte Gerichtsgefängniß abzuliefern bei
5145 1849 5973 1904 Nachricht hierher zu den Akten L. 106/84.
5189 1896 5827 1950 Caſſel, den 27. Dezember 1884.
5298 1940 6022 1987 Der Königliche Erſte Staatsanwalt.
5530 1987 5781 2030 Wilhelmi.
5141 2101 5284 2151 [60675]
5190 2132 6180 2191 Die hinter den Arbeiter Karl Robert Rudolf
5145 2179 6177 2242 Heſſe aus Fürſtenwalde unterm 15. Januar 1884 er⸗
5146 2224 6129 2282 laſſene Strafvollſtreckungs⸗Requiſition iſt erledigt.
5191 2271 5899 2326 Müncheberg, den 6. Januar 1885.
5413 2319 5899 2366 Königliches Amtsgericht.
5142 2432 5281 2481 [60484]
5566 2422 5746 2466 Ladung.
5190 2464 5855 2522 Von nachſtehenden Mannſchaften:
5193 2509 6179 2568 1) den Wehrmann, Knecht Chriſtian Friedrich
5148 2556 6180 2612 Krauſe, geboren am 7. Juni 1850 zu Königſtadt,
5146 2612 5425 2658 Kreis Ruppin,
5191 2647 6182 2704 2) den Wehrmann, Knecht Ferdinand Auguſt
5148 2692 6183 2749 Kube, geboren am 1. März 1850 zu Raduhn,
5148 2747 5491 2794 Kreis Königsberg,
5194 2783 6182 2838 3) den Wehrmann, Silberarbeiter Emil Peter
5150 2829 6181 2890 Philipp König II. geboren am 9. Dezember 1850
5156 2879 5859 2933 in Potsdam, Kreis Nieder⸗Barnim,
5198 2920 6184 2975 4) den Wehrmann, Tiſchler Carl Friedrich Albert
5152 2961 6182 3024 Gehrke II., geboren am 2. Mai 1852 zu Klein⸗
5152 3020 5639 3069 Rambin, Kreis Belgard,
5194 3057 6189 3115 5) den Wehrmann, Tiſchler Friedrich Herrmann
5152 3103 6184 3162 Herfurth, geboren am 24. Mai 1854 zu Brauſen⸗
5154 3159 5514 3207 ſtein, Kreis Pirna,
5197 3194 6186 3249 6) den Wehrmann, Johann Carl Herrmann
5154 3240 6188 3298 Geßner, geboren am 2. November 1854 in Zinno,
5151 3293 5715 3340 Kreis Jüterbogk⸗Luckenwalde,
5200 3329 6188 3383 7) den Wehrmann, Korbmacher Guſtav Otto
5156 3377 6078 3433 Köſter, geboren am 31. Juli 1853 in Berlin,
5200 3422 6189 3480 8) den Wehrmann, Maurer Johann Herrmann
5154 3467 6191 3523 Friedrich Hauer, geboren am 23. März 1856 in
5151 3522 5597 3569 Richnau, Kreis Thorn,
5198 3558 6188 3616 9) den Wehrmann, Schloſſer Otto Johann
5154 3604 6190 3661 Kurtz, geboren am 20. Dezember 1858 in Kuhnſee,
5158 3663 5411 3703 Kreis Thorn,
5202 3690 6190 3751 10) den Wehrmann, Schuhmacher Gottlieb Ernſt
5154 3740 6191 3800 Franz Hippe, geboren am 3. November 1855 in
5155 3794 5666 3844 Droſſen, Kreis Sternberg,
5205 3831 6193 3888 11) den Reſerviſten, Bäcker Friedrich Wilhelm
5160 3877 6193 3933 Grabowsky, geboren am 16. Dezember 1855 in
5156 3930 5764 3979 Kunzendorf, Kreis Mohrungen,
5205 3968 6194 4024 12) den Reſerviſten, Kutſcher Friedrich Wilhelm
5158 4015 6193 4072 Krenz, geboren am 12. Oktober 1857 in Wolden⸗
5161 4070 5604 4116 berg, Kreis Friedeberg.
5208 4103 6196 4161 13) den Oekonomie⸗Handwerker, Schneider Auguſt
5162 4146 6194 4208 Friedrich Roſe, geboren am 9. Juni 1852 in Dor⸗
5161 4204 5637 4253 gau, Kreis Pr. Holland,
5208 4241 6198 4299 14) den Oekonomie⸗Handwerker, Schuhmacher
5161 4287 6197 4340 Robert Theodor Schulz, geboren am 13. Juni 1848
5162 4346 5382 4386 in Samter,
5208 4374 6201 4435 15) den Oekonomie⸗Handwerker, Schuhmacher
5162 4423 6200 4479 Johannes Munkow, geboren am 5. Mai 1854 in
5165 4478 5689 4523 Alt⸗Kranzig, Kreis Bomſt,
5211 4515 6201 4570 16) den Oekonomie⸗Handwerker, Schneider Fried⸗
5164 4560 6202 4614 rich Silbert, geboren am 24. Auguſt 1857 in
5158 4613 5815 4662 Murogaiſchen, Kreis Darkehmen,
5213 4652 6203 4708 17) den Wehrmann, Arbeiter Ernſt Reim, ge⸗
5164 4697 6204 4748 boren am 8. Dezember 1851 in Schlabodſchine,
5166 4753 5462 4803 Kreis Militſch,
5213 4788 6204 4842 18) den Wehrmann, Arbeiter Johann Peter
5165 4833 6206 4889 Pacholsky, geboren am 25. Dezember 1851 in
5167 4888 5628 4933 Sacke, Kreis Frauſtadt,
5216 4925 6207 4979 19) den Wehrmann, Schuhmacher Heinrich Klug,
5167 4973 6207 5027 geboren am 16. Januar 1851 in Bottenhagen, Kreis
5167 5027 5410 5068 Greifswalde,
5215 5056 6209 5116 20) den Wehrmann, Schmied Robert Weichſel,
5170 5107 6209 5163 geboren am 19. Mai 1852 in Wierzaka, Kreis
5170 5163 5289 5207 Poſen,
5217 5197 6210 5252 21) den Wehrmann, Schmied Auguſt Johann
5177 5243 6208 5297 Carl Mogel, geboren am 16. Auguſt 1855 in
5176 5294 5692 5346 Hertzberg, Kreis Storkow,
5217 5334 6211 5388 22) den Reſerviſt, Schuhmacher Wilhelm Herr⸗
5175 5378 6213 5432 mann Auguſt Ilgen, geboren am 1. April 1855 in
5173 5432 5627 5480 Polzin, Kreis Belgard,
5218 5468 6212 5526 23) den Wehrmann, Tagearbeiter Adalbert Gräf⸗
5175 5517 6214 5570 ling, geboren am 6. April 1852 in Lazek, Kreis
5177 5571 5368 5613 Schrimm,
5222 5601 6212 5659 24) den Unteroffi ier der Landwehr, Maurer Carl
5179 5650 6215 5705 Friedrich Wilhelm Schönberg, geboren am 21. Jnni
5180 5697 5983 5745 1851 in Cremmen, Kreis Oſt⸗Havelland,
5223 5740 6216 5793 25) den Arbeitsſoldat II. Klaſſe, Kaufmann Paul
5180 5785 6216 5841 Dörſchlag, geboren am 29. Oktober 1855 in
5182 5838 5682 5887 Rutzendorf, Kreis Conitz,
5226 5869 6215 5930 26) den Wehrmann, Schlächter Guſtav Ernſt
5179 5920 6217 5977 Brauckhoff, geboren am 30. Juni 1854 in
5181 5973 5685 6021 Giebichenſtein, Saalkreis,
5226 6009 6218 6067 27) den Gefreiten der Reſerve, Maurer Carl
5185 6050 6219 6110 Friedrich Wilhelm Neumann, geboren am 11. Juni
5183 6105 5971 6154 1857 in Stolpe, Kreis Nieder⸗Barnim,
5231 6145 6219 6202 28) den Reſerviſt, Schloſſer Carl Friedrich
5187 6190 6220 6246 Rudolf Schöneberg, geboren am 24. Oktober 1858
5184 6245 5706 6292 in Gröbzig, Kreis Köthen,
5235 6281 6222 6335 29) den Wehrmann, Sattler und Kellner Julius
5188 6326 6222 6380 Adolf Ludwig Salzwedel, geboren am 27. April
5190 6382 5521 6423 1850 in Stettin,
5236 6418 6223 6472 30) den Reſerviſten, Reitknecht Ernſt Herrmann
5190 6462 6224 6516 Hippler, geboren am 29. Juni 1856 in Chriſtburg,
5187 6517 5465 6559 Kreis Stuhm,
5236 6546 6230 6604 31) den Wehrmann, Schlächter Emil Fritz Wil⸗
5187 6596 6227 6649 helm Weimar, geboren am 21. April 1853 in
5190 6650 5328 6695 Berlin,
5237 6686 6226 6738 32) den Unteroffizier der Reſerve, Schreiber Paul
5192 6730 6227 6783 Friedrich Wilhelm Zenke, geboren am 26. April
5191 6783 5691 6831 1861 in Pyritz, Preußen,
5240 6819 6228 6873 33) den Wehrmann, Steinhauer Johann Gottlieb
5195 6863 6230 6920 Maier, geboren am 7. Februar 1853 in Steien⸗
5194 6919 5665 6962 bronn, Kreis Stuttgart,
5246 6953 6236 7007 34) den Eigenthümerſohn Ernſt Ludwig Voß,
6218 1360 7252 1408 am 12. Dezember 1857 Abtshagen, Kreis Schlawe,
6219 1412 6373 1456 geboren,
6266 1453 7251 1497 35) den Kellner Guſtav Rudolf Hinze, am
6222 1498 7253 1545 16. Januar 1852 zu Oderberg, Kreis Angermünde,
6220 1550 6371 1592 geboren,
6266 1587 7253 1638 36) den Wehrmann, Tiſchler Richard Carl Rein⸗
6222 1634 7253 1682 hold Braunſchweig, am 9. März 1853 Stettin
6222 1685 6374 1728 geboren,
6266 1721 7255 1774 37) den Wehrmann, Maurer Carl Auguſt Freter,
6223 1774 6980 1816 am 2. Oktober 1851 Coeslin geboren,
6269 1814 7257 1862 38) den Reſerviſten, Kaufmann Friedrich Ernſt
6224 1862 7256 1909 Bieder, am 9. Auguſt 1859 Schönhauſen, Kreis
6227 1913 6553 1956 Wirſitz, geboren,
6270 1950 7258 2000 39) den Wehrmann, Tiſchler Adolph Heinrich
6226 1996 7257 2046 Reinſch, geboren am 18. November 1851, zu Habel⸗
6227 2050 6391 2093 ſchwerdt,
6268 2088 7263 2137 40) den Reſerviſten, Tiſchler Carl Plebuch,
6227 2135 7260 2181 am 3. März 1857 Neuteich, Kreis Marienburg, ge⸗
6225 2184 6340 2228 boren,
6271 2224 7261 2275 41) den Wehrmann, Arbeiter Johann Robert
6228 2269 7260 2319 Kramske, am 14. Januar 1854 zu Alt⸗Tirſchtiegel,
6227 2322 6700 2362 Kreis Meſeritz, geboren,
6270 2359 7262 2412 42) den Arbeitsſoldaten II. Klaſſe, Cäſar Adolf
6228 2406 7261 2458 Anton Herrmann Hugo Louis Hans Golde, geboren
6228 2456 6865 2501 am 16. Auguſt 1859 zu Berlin,
6271 2497 7262 2549 43) den Wehrmann Carl Auguſt Julius Feikert,
6230 2545 6988 2597 geboren am 9. Auguſt 1853 Limmritz,
6275 2588 7264 2640 44) den Wehrmann Wilhelm Erdmann, geboren
6228 2634 6934 2684 am 17. März 1855 zu Neu⸗Lögow,
6274 2675 7265 2730 45) den Reſerviſten, Kaufmann Friedrich Johannes
6231 2724 7266 2776 Anton Hippe, am 27. Februar 1857 zu Arnimshain,
6230 2777 6712 2819 Kreis Templin, geboren,
6280 2815 7267 2868 46) den Reſerviſten, Arbeiter Robert Anton Otto
6234 2862 7190 2912 Ebert, geboren am 23 Juni 1850 zu Meſeritz,
6277 2908 7267 2959 47) den Reſerviſten, Sattler Alexander Herrmann
6234 2954 7269 3002 Ferdinand Walker, geboren am 2. Oktober 1859 zu
6234 3003 6837 3053 Fahrland, Kreis Oſthavelland,
6281 3043 7273 3096 48) den Wehrmann, Kutſcher David Ferdinand
6235 3089 7270 3141 Martin Weſtphal, geboren am 4. März 1855 in
6235 3141 6731 3188 Lupowske, Kreis Bütow,
6279 3180 7273 3234 49) den Reſerviſten, Böttcher Carl Friedrich Wil⸗
6237 3227 7273 3279 helm Braſch, geboren am 25. September 1857 zu
6237 3283 6399 3323 Anclam,
6282 3317 7274 3371 50) den Reſerviſten, Maſchinenbauer Carl Fried⸗
6238 3364 7277 3414 rich Wilhelm Thewes, geboren am 14. Oktober
6240 3417 6559 3459 1857 in Berlin,
6282 3454 7280 3511 51) den Reſerviſten, Schiffer Friedrich Albert
6239 3500 7278 3553 Auguſt Gaede, geboren am 22. Auguft 1857 zu
6239 3556 6399 3599 Stettin,
6289 3588 7281 3645 52) den Wehrmann, Schneider Richard Carl Albert
6241 3638 7285 3692 Hoffmann, geboren am 15. Mai 1859 zu Mewe,
6238 3692 6658 3732 Kreis Marienwerder,
6285 3727 7281 3782 53) den Wehrmann, Friſeur Friedrich David
6241 3770 7284 3827 Thiede, geboren am 29. Februar 1852 zu Tempel⸗
6241 3826 6692 3873 burg, Kreis Neuſtettin,
6289 3866 7288 3920 54) den Wehrmann, Bäcker Franz Andreas
6243 3912 7288 3964 Preuſchoff, geboren am 3. November 1853 zu
6245 3963 6629 4007 Braunsberg i. Pr.,
6287 4000 7286 4055 55) den Erſatzreſerviſten I. Klaſſe, Arbeiter Joſef
6244 4048 7285 4097 Anton Schmidt, geboren am 17. April 1860 zu
6242 4098 6687 4144 Kamnitz, Kreis Neiſſe,
6291 4137 7290 4192 56) den Wehrmann, Knecht Wilhelm Schnabel,
6246 4184 7290 4233 am 13. November 1849 in Giegel, Kreis Konitz,
6246 4241 6399 4285 geboren,
6292 4274 7286 4328 57) den Wehrmann, Knecht Johann Guſtav
6248 4316 7292 4375 Schewa I., geboren am 7. Januar 1845 in Sawuſt,
6247 4374 6501 4419 Kreis Konitz,
6295 4410 7288 4466 58) den Oekonomie⸗Handwerker, Schneider Paul
6254 4457 7288 4509 Jacob Gierszewski, geboren am 4. März 1846 zu
6249 4507 6824 4559 Frankenhauſen, Kreis Konitz,
6298 4546 7289 4602 59) den Oekonomie⸗Handwerker, Schneider Emil
6251 4592 7288 4645 Arnold Duchrau, geboren am 2. September 1849
6251 4649 6445 4690 in Konitz,
6301 4682 7289 4739 60) den Wehrmann, Kellner Friedrich Wilhelm
6253 4730 7291 4787 Hildebrandt, geboren am 5. Februar 1851 zu
6252 4781 6803 4832 Hopfgarten, Kreis Weimar,
6300 4817 7292 4875 61) den Erſatzreſerviſten I. Klaſſe, Joſef Caspar
6254 4866 7244 4922 Drexel, geboren am 20. Mai 1860 zu Augsburg,
6301 4909 7293 4964 62) den Wehrmann, Schuhmacher Jacob Auguſt
6257 4957 7291 5011 Rimkus, geboren am 5. September 1851 zu
6257 5005 6916 5058 Biſchofswerder, Kreis Roſenberg,
6305 5045 7295 5101 63) den Wehrmann, Tiſchler Heinrich Albert
6258 5090 7297 5148 Deckert, geboren am 2. Januar 1848 zu Bernſtein,
6257 5148 6537 5191 Kreis Soldin,
6306 5182 7296 5237 64) den Reſerviſten, Kaufmann Albert Edmund
6260 5227 7296 5281 Waldemar Albrecht, geboren am 20. März 1859
6259 5285 6462 5331 zu Berlin,
6306 5314 7300 5374 65) den Wehrmann, Tiſchler Carl Alwin Hut⸗
6261 5363 7297 5422 ſchenreiter, geboren am 19. September 1852 in
6261 5415 6917 5464 Burghauſen, Kreis Hoyerswerda,
6307 5454 7298 5511 66) den Wehrmann, Möbelpolirer Herrmann
6262 5500 7297 5557 Friedrich Frieſe, geboren am 17. April 1855 zu
6263 5551 6859 5603 Fahrenwalde, Kreis Prenzlau,
6309 5589 7298 5647 67) den Wehrmann, Schmied Heinrich Theodor
6263 5634 7304 5690 Elſte, geboren am 30. März 1850 zu Steinbach,
6261 5682 7127 5734 Kreis Eckertsberg (Thiemendorf Eiſenberg),
6310 5726 7302 5782 68) den Reſerviſten, Sattler Theodor Remane,
6267 5770 7301 5831 geboren am 6. Januar 1856 zu Zörke, Kreis Birn⸗
6264 5831 6385 5873 baum,
6313 5860 7301 5918 69) den Wehrmann, Binder Johann Hübner,
6265 5905 7302 5962 geboren am 29. Juli 1850 zu Weinsfeld, Kreis
6264 5963 6464 6005 Neumarkt,
6312 5995 7301 6050 welche ſämmtlich in Berlin ihren letzten bekannten
6265 6039 7302 6095 dauerhaften Wohn⸗ oder Aufenthaltsort gehabt
6266 6084 7309 6141 haben, deren jetziger Verbleib aber nicht bekannt iſt,
6266 6130 7301 6186 werden Diejenigen, welche nach ihrer früheren
6267 6175 7303 6230 Truppengattung bezeichnet ſind, beſchuldigt, als be⸗
6268 6221 7303 6272 urlaubte Reſerviſten reſp. als Wehrmänner der
6269 6265 7304 6318 Land⸗ oder Seewehr ohne Erlaubniß ausgewandert
6270 6307 7304 6372 zu ſein, Diejenigen aber, die als Erſatz⸗Reſerviſten
6271 6352 7303 6412 bezeichnet ſind, werden beſchuldigt, als Erſatz⸗Reſer⸗
6271 6401 7305 6457 viſten 1. Klaſſe ausgewandert zu ſein, ohne von der
6271 6444 7306 6499 bevorſtehenden Auswanderung der Militär⸗Behörde
6271 6488 7308 6547 Anzeige gemacht zu haben, Uebertretung des §. 360
6271 6543 6719 6593 zu 3 Strafgeſetzbuches.
6319 6575 7307 6638 Zur Hauptverhandlung über vorſtehende Anklage
6272 6629 7066 6680 werden alle vorgenannten Perſonen zum
6380 6669 7221 6724 16. April 1885, Vormittags 10 Uhr,
6275 6714 7311 6770 vor das Königliche Amtsgericht I., Abtheilung 94,
6275 6759 7311 6815 in Berlin, Alt⸗Moabit 11/12, Mittelbau Portal I.,
6276 6804 7311 6863 parterre, Zimmer 10, hierdurch öffentlich vorgeladen
6276 6848 7311 6902 unter der Warnung, daß bei unentſchuldigtem Aus⸗
6277 6894 7311 6946 bleiben ſie auf Grund der gemäß des §. 472 der
6277 6938 7311 6996 Straß⸗Prozeß⸗Ordnung von den Militärbehörden
7304 1351 8335 1398 ausgeſtellten Erklärungen über die anzunehmende
7302 1399 8128 1443 Auswanderung werden verurtheilt werden.
7348 1443 8008 1485 Berlin, den 30. Dezember 1884.
7402 1488 8251 1534 Königliches Amtsgericht I. Abtheilung 94.
7350 1535 7963 1582 (L. S.) Lindenberg.
7305 1624 7452 1672 [60519]
7559 1624 8086 1671 Nachſtehende Perſonen:
7352 1667 8342 1715 1) Tagelöhnerſohn Friedrich Wilhelm Manthey
7306 1714 8339 1759 aus Forbach, Kreis Schroda, zuletzt dort auf⸗
7308 1761 7475 1806 haltſam,
7353 1803 8340 1852 2) Arbeiterſohn Valentin Cieſielski aus Gle⸗
7307 1852 7972 1899 borkidorf, zuletzt dort aufhaltſam,
7355 1892 8343 1943 3) Knecht Ludwig Marcinkowski aus Buchwald,
7309 1939 8344 1990 Kreis Schroda, zuletzt in Rodowki, Kreis Schroda,
7308 1989 7536 2034 aufhaltſam,
7353 2027 8343 2079 4) Valentin Cyprych aus Babo, zuletzt dort auf⸗
7310 2081 7470 2124 haltſam,
7356 2119 8345 2169 5) Johann Bartylak aus Boguslawki, zuletzt in
7311 2171 7741 2212 Brodowo aufhaltſam,
7357 2209 8346 2260 6) Sebaſtian Frackowiak aus Miaskowo, Kreis
7312 2259 7967 2304 Schroda, zuletzt dort aufhaltſam,
7358 2300 8346 2352 7) Knecht Stanislaus Strugarek aus Jaszkowo,
7312 2347 8281 2398 zuletzt in Kromslöce, Kreis Schroda aufhaltſam,
7359 2390 8347 2441 8) Knecht Franz Ziety aus Pieczkowo, Kreis
7314 2441 7967 2488 Schroda, zuletzt dort aufhaltſam,
7359 2482 8347 2532 9) Knecht Valentin Ziety aus Pieczkowo, Kreis
7317 2532 7975 2576 Schroda zuletzt dort aufhaltſam,
7364 2573 8349 2623 10) Chirurg Martin Urbanski aus Chwalkowo,
7314 2621 8096 2667 Kreis Schroda, zuletzt dort aufhaltſam,
7363 2664 8350 2715 11) Fornalſohn Johann Tomezak aus Kleszczewo,
7317 2710 8260 2762 zuletzt in Krerowo, Kreis Schroda, aufhaltſam,
7370 2753 8351 2803 12) Otto Guſtav Hoffmann aus Schwerin
7320 2804 8072 2854 a. W., zuletzt in Wronke aufhaltſam,
7366 2845 8353 2897 13) Anton Wiesniewski aus Czarnowo, zuletzt
7320 2897 7708 2943 in Poſen wohnhaft,
7366 2943 7737 2985 werden beſchuldigt:
7413 2981 8355 3030 als Wehrpflichtige in der Abſicht, ſich dem
7415 3026 8354 3072 Eintritte in den Dienſt des ſtehenden Heeres
7415 3070 8355 3123 oder der Flotte zu entziehen, ohne Erlaubniß
7415 3119 8356 3167 das Reichsgebiet verlaſſen oder nach erreichtem
7417 3163 8357 3214 militärpflichtigen Alter ſich außerhalb des
7418 3211 8126 3259 Reichsgebietes aufgehalten zu haben.
7467 3252 8356 3305 Vergehen gegen §. 140 Abſ. 1 Nr. 1 Straf⸗
7419 3307 7643 3354 geſetzbuches.
7373 3350 7792 3396 Dieſelben werden auf
7387 3389 8304 3442 den 23. März 1885, Vormittags 9 Uhr,
7329 3435 8360 3486 vor die II. Strafkammer des Königlichen Land⸗
7330 3477 8299 3538 gerichts zu Poſen zur Hauptverhandlung geladen.
7376 3525 8361 3577 Bei unentſchuldigtem Ausbleiben werden dieſelben
7331 3572 8365 3625 auf Grund der nach §. 472 der Strafprozeßordnung
7332 3617 8365 3668 von dem Königlichen Landrath als Civil⸗Vorſitzen⸗
7331 3662 8364 3716 den der Erſatz⸗Kommiſſion zu Schroda, Birn⸗
7335 3708 8367 3760 baum und zu Thorn über die der Anklage zu
7335 3752 8367 3806 Grunde liegenden Thatſachen ausgeſtellten Er⸗
7334 3806 7909 3852 klärungen verurtheilt werden.
7380 3842 8369 3896 Durch Beſchluß der IV. Strafkammer des König⸗
7334 3888 8371 3943 lichen Landgerichts hierſelbſt vom 23. Dezember cr. iſt
7336 3934 8369 3989 auf Grund des §. 140 des Strafgeſetzbuchs und §. 326
7335 3979 8370 4032 der Straſprozeßordnung das im Deutſchen Reiche
7335 4025 8369 4081 befindliche Vermögen der Angeklagten mit Beſchlag
7336 4070 8369 4126 belegt worden, was hiermit mit dem Bemerken
7337 4117 8369 4171 öffentlich bekannt gemacht wird, daß Verfügungen
7337 4161 8376 4215 über daſſelbe der Staatskaſſe gegenüber nichtig ſind.
7382 4213 8031 4263 Poſen, den 30. Dezember 1884.
7558 4255 8166 4305 Königliche Staatsanwaltſchaft.
7420 4365 8287 4425 Subhaſtationen, Aufgebote, Vor⸗
7623 4423 8092 4472 ladungen u. dergl.
7339 4490 7486 4538 [60536]
7602 4485 8109 4532 Oeffentliche Zuſtellung.
7385 4527 8375 4581 Der Heinrich Louis Fiſcher Ⅰ. zu Homburg v. d.
7338 4570 8375 4632 Höhe, vertreten durch Rechtsanwalt Dr. Löb zu
7341 4629 7561 4673 Wiesbaden,
7432 4661 8378 4720 klagt gegen den Chriſtian Rühl aus Anspach
7434 4706 8378 4760 und deſſen Ehefrau, zuletzt in London E. No. 89
7435 4751 8375 4805 Old Gravel Lane Wapping, jetzt mit unbe⸗
7434 4799 8378 4852 kanntem Aufenthalte abweſend, auf Grund der
7435 4855 7722 4897 Behauptungen,
7385 4888 8378 4945 daß am 13. Oktober 1875 Jacob Henrici 20ter
7343 4937 8377 4989 und deſſen Ehefrau Catharina, geb. Jaeger, an den
7346 4979 8377 5035 Wittwer Ludwig Rühl zu Anspach ihre daſelbſt be⸗
7343 5024 8378 5081 legenen Immobilien Nr. 8069, 16064, 8070, 8072,
7345 5070 8379 5125 8073, 8074, 8076, 8079, 8090, 8092 und 8093 des
7345 5116 8379 5169 Stockbuchs von Anspach zu dem je zur Hälfte zu
7344 5161 8377 5218 Oſtern 1876 und 1877 ohne Zinſen zahlbaren Kauf⸗
7345 5205 8378 5265 preis von 3857 ℳ 14 ₰, für welchen bis zur völli⸗
7347 5251 8379 5310 gen Tilgung Eigenthumsrecht an den verkauften
7346 5296 8376 5354 Objekten vorbehalten worden, verkauft hätten, daß
7346 5342 8379 5397 der Kaufvertrag gerichtlich beurkundet, die Ueber⸗
7344 5387 8381 5445 ſchreibung auf den Käufer bewirkt und demſelben
7346 5434 8379 5489 Kaufurkunde vom 27. Oktober 1875 ertheilt worden
7349 5479 8379 5535 ſei, daß ſodann Jacob Henrici 20ter die ihm gegen
7348 5526 8379 5581 Ludwig Rühl zuſtehende Kaufpreisreſtforderung von
7349 5568 8382 5625 1341,14 ℳ mit 5 % Zinſen vom 3. Juni 1877 und
7349 5611 8381 5668 mit allen ihm zuſtehenden Rechten am 7. Juni 1878
7355 5658 8381 5716 an Heinrich Louis Fiſcher Ⅰ. zu Homburg v. d. Höhe
7349 5703 8382 5760 cedirt habe, wovon Ludwig Rühl am 7. Juni 1878
7349 5751 8382 5805 benachrichtigt worden ſei, ſowie daß Letzterer am
7350 5795 8380 5854 gleichen Tage ſich ausdrücklich verpflichtet habe, das
7350 5839 8381 5897 erwähnte Kapital von 1341,14 ℳ nebſt Zinſen vom
7351 5883 8380 5942 3. Juni 1877 an den Kläger zu zahlen, und daß
7349 5928 8381 5989 demnächſt die Beurkundung der geſchehenen Ceſſion
7350 5974 8382 6034 zu den Anlagen des Stockbuchs ordnungsmäßig erfolgt
7351 6019 8380 6080 ſei, daß ferner am 16. Dezember 1882 das Kapital
7351 6063 8379 6124 zur Rückzahlung gekündigt worden und, da Zah⸗
7353 6109 8380 6167 lung nicht erfolgt, Klage erhoben worden ſei, in
7356 6154 8379 6216 Folge deren Ludwig Rühl durch Urtheil des König⸗
7353 6195 8379 6255 lichen Landgerichts zu Wiesbaden, zweite Civil⸗
7352 6246 8380 6301 kammer, vom 4. Januar 1884 zur Zahlung von
7356 6287 8381 6347 1341,14 ℳ nebſt rückſtändigen Zinſen vom 3. Juni
7355 6334 8379 6391 1881 an koſtenfällig verurtheilt worden ſei, daß end⸗
7354 6380 8381 6437 lich laut eines am 16. Dezember 1875 bei dem
7353 6427 8383 6481 Königlichen Amtsgerichte zu Uſingen aufgenommenen
7355 6470 8385 6529 Protokolls Ludwig Rühl das Eigenthum an den
7355 6513 8382 6573 von den Eheleuten Jacob Henrici 20ter gekauften Im⸗
7357 6558 8386 6618 mobilien zur Hälfte auf die Beklagten, ſeine Kinder,
7357 6600 8384 6662 übertragen und die Ueberſchreibung der ideellen
7355 6648 8385 6709 Hälfte dieſer mit Eigenthumsvorbehalt zu Gunſten
7356 6693 8384 6749 der klägeriſchen Forderung behafteten Immobilien
7357 6737 8391 6795 auf die Beklagten im Stockbuche von Anspach ſtatt⸗
7358 6791 8020 6843 gefunden habe, mit dem Antrage:
7405 6827 8389 6886 die Beklagten koſtenfällig zu verurtheilen, die
7360 6872 8388 6934 ihnen gemeinſchaftlich mit Peter Jacob Rühl, Lud⸗
7359 6920 8391 6978 wig Rühl, Peter Rühl, Wilhelmine Rühl und
8383 1343 9432 1396 Heinrich Rühl, ſämmtlich zu Anspach, an den Im⸗
8382 1392 9429 1440 mobilien Nr. 8069, 16064, 8070, 8072, 8073, 8074,
8381 1438 9425 1484 8076, 8079, 8090, 8092 und 8093 des Stockbuchs
8386 1483 9424 1534 von Anspach zuſtehenden ideellen Hälften dem Kläger
8389 1531 9425 1577 behufs Befriedigung für ſeine Forderuug von
8391 1575 9428 1624 1341,14 ℳ mit 5 % Zinſen vom 3. Juni 1881 an
8390 1619 9424 1666 und den durch das Prozeßverfahren gegen Ludwig
8391 1664 9429 1710 Rühl entſtandenen, ſowie den durch dieſes Verfahren
8391 1709 9424 1757 und die Zwangsvollſtreckung entſtehenden Koſten
8392 1755 9424 1800 herauszugeben und deren öffentliche zwangsweiſe
8395 1803 9041 1846 Verſteigerung geſchehen zu laſſen,
8440 1844 9425 1891 und ladet die Beklagten zur mündlichen Verhand⸗
8394 1892 9424 1935 lung des Rechtsſtreits vor die ⅠⅠ. Civilkammer des
8397 1938 9243 1981 Königlichen Landgerichts zu Wiesbaden auf
8452 1980 9362 2028 den 14. April 1885, Vormittags 9 Uhr,
8400 2028 9426 2072 mit der Aufforderung, einen bei dem gedachten
8398 2073 9205 2116 Gerichte zugelaſſenen Anwalt zu beſtellen.
8441 2117 9428 2164 Zum Zwecke der öffentlichen Zuſtellung wird dieſer
8397 2163 9089 2208 Auszug der Klage bekannt gemacht.
8447 2208 9198 2251 Wiesbaden, den 30. Dezember 1884.
8831 2254 9002 2297 Wurm,
8445 2298 9374 2342 Gerichtsſchreiber des Königlichen Landgerichts.
8584 2409 9248 2459 Verkäufe, Verpachtungen,
8702 2463 9133 2510 Submiſſionen ꝛc.
8398 2526 8547 2575 [60679]
8737 2522 9089 2567 Pferde⸗Verkauf.
8446 2570 9433 2616 Am Donnerſtag, den 8. d. Mts., Vormittags
8402 2616 9432 2662 10 Uhr, ſoll auf dem Kaſernenhofe des Garde⸗
8403 2658 9430 2705 Train⸗Bataillons, Waldemarſtr. Nr. 65, ein über⸗
8403 2704 9433 2752 zähliges Dienſtpferd öffentlich meiſtbietend verkauft
8402 2758 8540 2797 werden.
8458 2795 9374 2842 Kommando des Garde⸗Train⸗Bataillons.
8406 2890 8548 2935 [60494]
8730 2882 9123 2932 Nutzholz-Verkauf.
8669 2929 9180 2980 Oberförſterei Staakow.
8450 2972 9444 3026 Am Montag, den 19. Januar cr., von
8406 3022 9443 3071 Vormittags 10 ¼ Uhr ab, ſollen auf Bahnhof
8406 3069 9441 3113 Brand die nachſtehenden Nutzhölzer aus der König⸗
8406 3112 9446 3162 lichen Oberförſterei Staakow öffentlich meiſtbie⸗
8408 3163 8871 3205 tend verſteigert werden:
8526 3204 9327 3253 a. Schutzbezirk Meierei, Jagen 12 A.:
8479 3250 9266 3293 19 Stück Eichen Nutzholz mit 1,96 fm.
8547 3295 9308 3344 b. Schutzbezirk Brand, Jagen 16 B.:
8456 3340 9328 3385 569 Stück Kiefern Nutzholz mit 171,08 fm,
8459 3387 9077 3429 100 Stück Kiefern Stangen I.,
8459 3434 9096 3475 100 Stück Kiefern Stangen II.,
8459 3479 9116 3520 300 Stück Kiefern Stangen III.,
8459 3524 9107 3567 200 Stück Kiefern Stangen IV.
8541 3567 9321 3616 c. Schutzbezirk Staakow, Jagen 3 c.:
8510 3613 9289 3660 1 Stück Kiefern Nutzholz mit 1,63 fm.
8554 3658 9311 3708 d Schutzbezirk Freidorf Jagen 24:
8463 3703 9337 3751 604 Stück Kiefern Nutzholz mit 422,04 fm,
8489 3751 9084 3795 30 Stück Kiefern Stangen I.,
8510 3796 9052 3841 2 rm Kiefern Nutzſcheit II.
8558 3838 9321 3888 e. Schutzbezirk Freidorf, Jagen 21:
8467 3883 9344 3932 855 Stück Kiefern Nutzholz mit 348,23 fm.
8558 3930 9319 3979 f. Schutzbezirk Semmley, Jagen 55:
8513 3976 9284 4022 2 Stück Eichen Nutzholz mit 0,35 fm,
8468 4020 9319 4067 149 Stück Kiefern Nutzholz mit 53,56 fm.
8558 4066 9318 4117 g. Schutzbezirk Maſſow, Jagen 63:
8466 4109 9343 4159 563 Stück Kiefern Nutzholz mit 185,02 fm,
8487 4159 9089 4204 60 Stück Kiefern Stangen Ⅰ.,
8492 4205 9100 4249 60 Stück Kiefern Stangen ⅠⅠ.
8469 4244 9459 4297 Ein Angeld von 3/10 des Kaufpreiſes iſt im Ter⸗
8424 4301 8752 4342 mine zu erlegen.
8467 4337 9351 4391 Staakow bei Brand, den 5. Januar 1885.
8631 4384 9256 4431 Der Königliche Oberförſter:
8861 4434 9031 4474 Lorenz.
8425 4526 8572 4572 [60491]
8479 4559 9463 4617 Holzverkauf. Mittwoch, den 14. Januar
8430 4605 9465 4660 1885, Königl. Oberförſterei Harſefeld, Schutzbezirk
8425 4652 9463 4706 Rüſtje, Totalität Jagen 88, 91, 92, 96, 97, 100,
8428 4698 9466 4751 101, 102, 104, 110, 112 u. 114, etwa: 8 St. =
8427 4742 9463 4796 2 fm Kief. Langnutzholz V Kl., 1400 St. Kief.
8426 4789 9469 4843 Derbſtangen I. — III. Kl., Nutzknüppel: 22 rm Eich.,
8425 4835 9463 4886 28 rm Kief., 7 rm Eich. Stammknüppel, 142 rm
8426 4874 9465 4933 Kief. Scheit⸗ u Knüppelholz, 1325 rm Kief. Reiſer⸗
8432 4923 9464 4977 brennholz III. Kl. Anfang Morgens 10 Uhr,
8426 4973 9197 5025 beim Gaſtw. Klintworth in Sandkrug.
8430 5069 8579 5118 [60212]
8772 5063 9125 5111 Nutzholzverkauf
8429 5104 9467 5162 in der Königlichen Oberförſterei Salmünſter.
8479 5152 9464 5205 Montag, den 19. Januar 1885, Morgens
8431 5195 9469 5250 9 Uhr, kommen im Gaſthof „zum Löwen“ zu Sal⸗
8429 5241 9377 5296 münſter zum öffentlich meiſtbietenden Verkaufe:
8477 5286 9467 5341 Eichen: 702 Abſchnitte I. — V. Kl. mit 1208 fm,
8566 5330 9466 5384 darunter Abſchnitte bis über 9 fm haltend,
8567 5375 9465 5429 45 rm Nutzſcheit und 263 rm geſundes
8567 5427 8788 5477 Scheitholz.
8477 5465 9464 5522 Rothbuchen: 291 Abſchnitte I. — V. Kl. mit
8568 5522 8721 5563 428 fm.
8476 5555 9469 5612 Weißbuchen: 1 Abſchnitt mit 0,34 fm ſowie
8574 5601 9466 5655 1 rm Nutzſcheit und 2 rm Nutzknüppel in
8568 5651 9032 5699 Rollen von 1 m Länge.
8476 5691 9464 5747 Die Herren Förſter ſind angewieſen, die Hölzer
8430 5744 8905 5796 auf Wunſch vorzuzeigen.
8477 5781 9461 5833 Nummerverzeichniſſe mit Looseintheilungen können
8429 5827 9462 5880 durch das Bureau der Oberförſterei gegen Erſtattung
8429 5878 9097 5923 der Schreibkoſten bezogen werden.
8479 5920 9190 5967 Salmünſter, den 2. Januar 1885.
8634 5964 9253 6012 Der Königliche Oberförſter.
8866 6014 9022 6055 Knorr.
8433 6106 8580 6158 [60504]
8473 6138 9469 6197 Die früheren Kadettenhaus⸗Grundſtücke Neue
8430 6184 9466 6243 Friedrichſtraße 86/90, ſollen getrennt oder auch zu⸗
8429 6230 9466 6286 ſammen öffentlich an den Meiſtbietenden im Wege
8428 6275 9467 6326 der Lizitation verkauft werden, zu welchem Zwecke
8429 6317 9470 6374 am Mittwoch, den 11. Februar cr., von Vor⸗
8431 6365 9466 6422 mittags 11 Uhr bis Nachmittags 2 Uhr, Ter⸗
8431 6411 9468 6466 min in unſerem Geſchäftslokale, Michaelkirchplatz
8429 6454 9469 6515 Nr. 17, woſelbſt auch die Verkaufsbedingungen täg⸗
8432 6498 9468 6555 lich von 9 — 3 Uhr eingeſehen werden können, anbe⸗
8433 6557 8627 6599 raumt iſt.
8480 6596 9087 6642 Berlin, den 3. Januar 1885.
8578 6638 9332 6692 Königliche Garniſon⸗Verwaltung.
8442 6739 8588 6784 [60488]
8652 6724 9376 6779 Eiſenbahndirektionbezirk Berlin.
8481 6766 9475 6826 Die im Bereiche des unterzeichneten Betriebs⸗
8440 6813 9474 6868 amtes angeſammelten, auf dem Bahnhofe Paſewalk
8441 6857 9473 6917 lagernden alten Oberbau⸗ und Baumaterialien als:
8489 6903 9473 6959 Schienen, Laſchen, Herzſtücke, Guß⸗, Schmelz⸗ und
