10184 7064
617 284 1682 345 — ℳ Loco — ℳ, per diefen Monat und per
620 334 1685 388 Juni⸗Juli 17,10 ℳ, per Juli⸗Auguſt —, per
621 376 1687 433 Auguſt⸗September —, per Septbr.⸗Oktober 17,50 ℳ
673 428 1684 480 Trockene Kartoffelſtärke pr. 100 kg brutto inkl.
625 472 1687 526 Sack. Termine höher. Gekünd. — Sack. Kün⸗
626 521 1685 571 digungspreis — ℳ Loco —, per dieſen Monat
622 566 1685 620 und per Juni⸗Juli 17,00 ℳ, per Juli⸗Auguſt —,
617 611 1651 667 per Auguſt⸗Sept. —, per Sept.⸗Oktober 17,50 ℳ
672 657 1683 711 Oelſaaten pr. 1000 kg. Gek. —. Winterraps —
623 706 1684 756 Sommerraps — ℳ, Winterrübſen — ℳ, Sommer⸗
620 751 886 792 rübſen — ℳ
671 798 1681 848 Rüböl per 100 kg mit Faß. Termine höher.
618 844 1681 893 Gekündigt — Ctr. Kündigungspreis — ℳ Loco
617 890 1680 937 mit Faß — ℳ Loco ohne Faß —, per dieſen Monat
615 938 1680 983 —, per Juni⸗Juli per Juli⸗Auguſt —, per
625 983 1679 1031 Auguſt⸗Sept. — per Sept.⸗Okt. 49,5 — 49,7 bez.,
616 1027 1228 1074 per Okt.⸗Nov. 49,8 — 49,9 bez.
673 1075 1653 1122 Leinöl per 100 kg — loco — ℳ, Lieferung —.
673 1121 1676 1168 Petroleum. (Raffinirtes Standard white) per
625 1167 1676 1213 100 kg mit Faß in Poſten von 100 Ctr. — Ter⸗
622 1213 1673 1261 mine ſtill. Gekünd. — kg. Kündigungspreis
620 1258 1677 1306 — ℳ Loco —, per dieſen Monat — ℳ, per
616 1301 1674 1355 Juni⸗Juli —, per Juli⸗Auguſt —, per Auguſt⸗
624 1349 1674 1402 September —, per September⸗Oktober 21,4 ℳ,
617 1394 1674 1446 per Oktober⸗Novbr. 21,6 ℳ, per November⸗Dezember
617 1438 775 1485 21,8 ℳ
670 1485 1671 1536 Spiritus per 100 l à 100 % = 10 000 l %.
622 1532 1670 1580 Termine unter Schwankungen behauptet. Gekünd.
614 1576 1671 1629 40 000 l. Kündigungspr. 62 ℳ Loco mit Faß —,
614 1624 1671 1675 per dieſen Monat und per Juni⸗Juli 62,5 — 62,8 —
614 1668 1670 1722 61,2 — 62 bez., per Juli⸗Auguſt 62,5 — 62,8 — 61,2
610 1714 1670 1765 — 62 bez., per Auguſt⸗September 61,7 — 62,5 — 60,8
611 1758 1668 1813 — 61,9 — 61 8 bez., per Septbr.⸗Oktober 61 — 61,5
604 1807 1420 1854 — 60,3 — 61,5 bez., per Oktober⸗Nov. —.
659 1853 1667 1902 Spiritus per 100 l à 100 % = 10 000 % loco
609 1898 1050 1947 ohne Faß 63 — 62 bez.
657 1946 1668 1997 Weizenmehl Nr. 00 26,00 — 24,00, Nr. 0 24,00
609 1987 1665 2044 bis 21,50 bez. Feine Marken über Notiz bezahlt.
655 2037 1664 2089 Roggenmehl Nr. 0 u. 1 17,75 — 16,75, do. fein.
606 2079 1665 2133 Marken Nr. 0 u. 1 19,25 — 17,75 bez. Nr. 0 1,75 ℳ
609 2128 1664 2181 höher als Nr. 0 u. 1 pr. 100 kg Br. inkl. Sack.
655 2175 1661 2226 Berlin, 9. Juni. Marktpreiſe nach Ermitte⸗
606 2220 1469 2273 lungen des Königlichen Polizei⸗Präſidiums.
617 4056 1628 4120 Berlin, 10. Juni. Der Verlauf der heutigen
571 4106 1625 4164 Waarenbörſe war ruhig und das Geſchäft in
570 4153 1622 4210 Proviſionen und Kolonialwaaren beſchränkt. Kaffee.
570 4198 1622 4257 Der Markt iſt ziemlich ruhig und die Umſätze ſind
567 4244 1621 4303 mäßig bei ſtetigen Preiſen, weil die geſtellten For⸗
569 4292 1621 4346 derungen zu hoch befunden werden. Geringe Sorten
567 4336 1619 4393 ſind mehr begehrt. Die Preiſe für Termine ſind er⸗
566 4381 1620 4440 heblich zurückgegangen. Zucker. Raffinirte Sorten
565 4427 1618 4488 ſind unverändert. Für Termine iſt die Tendenz ruhig,
568 4473 1619 4532 für Juli⸗Auguſt zeigte ſich etwas regere Kaufluſt zu
565 4519 1618 4578 letzten Preiſen, für ſpätere Monate ſind die Preiſe
562 4564 1616 4621 eher niedriger. Butter. Auf Grund der vom Aus⸗
564 4611 1615 4670 lande eintreffenden beſſeren Berichte hat ſich auch
560 4655 1614 4717 hier die Stimmung günſtiger geſtaltet und haben ſich
558 4702 1617 4765 die ankommenden Zufuhren reiner Grasbutter ſchlank
557 4749 1611 4808 geräumt. Stallbutter iſt faſt unverkäuflich. Schmalz.
557 4793 1612 4855 Das Geſchäft iſt etwas lebhafter geworden bei beſſeren
557 4840 714 4887 Preiſen.
606 4886 1610 4949 Wochendurchſchnittspreiſe: Kaffee (per ½ kg) Echter
556 4930 1614 4990 Mokka 1,40 — 1,70 ℳ, Afric (Cazengo) 1,03 —
557 4977 1610 5034 1,09 ℳ, Ceylon 1,30 — 1,50 ℳ, Laguayra Trill
556 5023 1608 5077 1,15 — 1,20 ℳ, do. gewaſchen 1,15 — 1,25 ℳ, Guate⸗
555 5066 1613 5129 mala 1,15 — 1,30 ℳ, Portorico 1,14 — 1,25 ℳ, Java
554 5113 1609 5175 fein braun Menado 1,35 — 1,60 ℳ, do. gelb Preanger
554 5160 1607 5222 1,25 — 1,33 ℳ, do. gelblich Java 1,18 — 1,25 ℳ,
553 5206 1606 5266 do. gut ord. und grünlich Cheribon 1,15 — 1,18 ℳ,
552 5251 1609 5310 Domingo original 1,10 — 1,15 ℳ, do. verleſen 1,16 —
552 5298 1608 5356 1,22 ℳ, Santos ordinär 1,08 — 1,12 ℳ, do. reell ordinär
552 5343 1603 5402 1,10 — 1,15 ℳ, do. Campinas 1,12 — 1,20 ℳ, Rio
547 5388 1601 5450 ordinär 1 10 — 1,16 ℳ, do. gewaſchene 1,15 — 1,25 ℳ,
548 5433 1602 5493 Bahia 1,08 — 1,15 ℳ, Triage und Brennwaare
550 5480 1597 5539 1,00 — 1,06 ℳ — Zucker (per 50 kg): Raffinade I.
546 5525 1597 5587 Brode 28 — 28,25 ℳ, do. II. 27,50 — 28 ℳ,
540 5571 1597 5634 do. I. gemahlen 27 — 27,50 ℳ, do. II. 25,75 — 26,50 ℳ,
540 5616 1595 5678 Würfel 27,75 — 30 ℳ, Melis I. Brode 27,50 — 28 ℳ,
533 5662 1594 5725 gemahlen 25,50 — 26,25 ℳ, Farine 22,50 — 23,50 ℳ,
532 5707 1594 5767 Candis, weiß 37 — 38 ℳ, do. gelb u. braun 36 — 37 ℳ —
533 5752 1591 5815 Leder. Sohl⸗Rhein. Wild in Bürden à 5 Haut
532 5801 1592 5860 ca. 50 kg 130 — 155 ℳ, do. Norddeutſches do. do.
533 5844 1590 5907 106 — 134 ℳ, Zahmſohl in Roll. 125 — 160 ℳ,
531 5889 1590 5952 Brandſohl Wild per 50 kg 105 — 130 ℳ, Deutſche
534 5936 1588 5997 110 — 134 ℳ, Fahl per ½ kg 1,35 — 1,70 ℳ, Kips⸗
529 5980 1590 6041 fahl 1 — 1,60 ℳ, Maſchinenriem mit Abfall 1,40 —
533 6027 1586 6089 1,60 ℳ, do. ohne Abfall (Croupons) 1,40 — 2,25 ℳ,
526 6069 1586 6135 Geſchirr, braun 1,30 — 1,60 ℳ, do. ſchwarz 1,20 —
526 6116 684 6164 1,60 ℳ
573 6164 1581 6229 Butter. Hof⸗Butter aus Oſt⸗ und Weſtpreußen,
524 6209 1580 6270 Poſen und Schleſien Ⅰ a. 88 — 95 ℳ, do. do. II a.
522 6257 1577 6316 80 — 85 ℳ, Hof⸗Butter aus Mecklenburg, Vor⸗
518 6305 1577 6360 pommern und Priegnitz Ⅰ a. 83 — 85 ℳ, do. do. II a.
520 6348 1574 6406 80 — 83 ℳ, aus Holſtein Ⅰ a. 83 — 85 ℳ, II a. 80 —
518 6393 1572 6455 83 ℳ, fehlerhafte Butter von vorſtehenden Pro⸗
516 6438 1572 6505 duktionsländern 60 — 70 ℳ, Landbutter: Preußiſche
1731 297 2784 355 63 — 66 ℳ, Netzbrücher 63 — 66 ℳ, Pommerſche
1729 348 2783 398 63 — 66 ℳ, Polniſche 63 — 66 ℳ, Schleſiſche 63 — 66 ℳ,
1730 393 2783 442 Galiziſche 60 — 63 ℳ, Kunſt⸗Miſchbutter 63 bis
1732 439 2781 492 73 ℳ, Margarinbutter 45 — 5 4 ℳ — Käſe,
1733 485 2783 537 Schweizer, Emmenthaler 80 — 85 ℳ, do. Bayeriſcher
1732 529 2785 579 55 — 65 ℳ, do. Oſt⸗ und Weſtpreußiſcher I a. 65 —
1733 577 2780 628 70 ℳ, do. ⅠI a. 50 — 60 ℳ, Holländer 75 — 80 ℳ, Lim⸗
1732 623 2781 672 burger 30 — 35 ℳ, Quadratmagerkäſe 12 — 18 ℳ
1730 667 2779 721 — Schmalz, Prima Weſtern 17 % Ta. 41,50 ℳ,
1731 713 2779 766 Amerikaniſch raffinirtes 41,00 ℳ, in Deutſchland
1730 760 2779 810 raffinirtes: a. Hamburger 44 — 45 ℳ, b. Berliner
1726 806 2779 858 44,00 ℳ, Berliner Bratenſchmalz 48 — 52 ℳ per
1727 851 1859 897 50 kg.
1777 899 2776 948 Stettin, 9. Juni. (W. T. B.) Getreide⸗
1729 945 2775 997 markt. Weizen flau, loco 175,00 — 183,00,
1728 990 2776 1039 pr. Juni⸗Juli 184,00, pr. September⸗Oktober
1730 1037 2769 1088 184,00. Roggen flau, loco 120 — 123, pr.
1725 1081 2773 1133 Juni⸗Juli 124,50, pr. September⸗Oktober 129,50.
1726 1127 2772 1179 Rüböl niedriger, pr. Juni 52,00, pr. September⸗
1724 1173 2772 1228 Oktober 49,50 Spiritus ſteigend, loco 56,00,
1724 1220 2770 1273 pr. Juni⸗Juli 59,00, pr. Auguſt⸗September 57,00,
1723 1266 2767 1319 pr. September⸗Oktober 56,50. Petroleum loco
1724 1311 1840 1356 10,35.
1769 1359 2768 1410 Poſen, 9. Juni. (W. T. B.) Des katholiſchen
1721 1404 2557 1454 Feſttages wegen heute kein Spiritusmarkt.
1768 1452 2765 1501 Breslau, 10. Juni. (W. T. B.) Getreide⸗
1720 1497 2764 1547 markt. Spiritus pr. 100 l 100 % pr. Juni⸗
1720 1541 2763 1594 Juli 61,50, do. pr. Auguſt⸗September 62,00, do.
1718 1588 2762 1641 pr. September⸗Oktober 60,50. Weizen — Roggen
1719 1635 2761 1688 pr. Juni⸗Juli 124,00, do. pr. Juli⸗Auguſt 126,00,
1717 1681 2760 1732 do. pr. September⸗Oktober 130,00. Rüböl loco pr.
1716 1726 2759 1778 Juni 52,50, do. pr. September⸗Oktober 51,50.
1717 1773 2046 1822 Zink: Umſatzlos.
1762 1819 2761 1869 Magdeburg, 9. Juni. (W. T. B.) Zucker⸗
1715 1865 2757 1915 bericht. Kornzucker, exkl., von 96 % 21,50, Korn⸗
1714 1912 2756 1962 zucker, exkl., 88° Rendem. 20,40, Nachprodukte, exkl.
1714 1958 2756 2008 75° Rendem. 17,50. Stetig. Gem. Raffinade
1713 2004 2755 2055 mit Faß 26,50, gem. Melis I. mit Faß 25,25.
1713 2050 2752 2101 Sehr ſtill. Rohzucker I. Produkt Tranſito f. a. B.
1712 2096 2753 2148 Hamburg pr. Juni 12,00 Br., pr. Juli 11,95
1711 2144 2754 2193 bez., pr. Auguſt 11,95 bez., pr. Oktober⸗Dezember
1710 2190 2325 2238 11,65 bez., 11,70 Br. Ruhig.
1752 2235 2749 2286 Köln, 9. Juni. (W. T. B.) Des katholiſchen
1706 2280 2557 2329 Feſttages wegen heute kein Getreidemarkt.
1752 2328 2749 2378 Bremen, 9. Juni. (W. T. B.) Petroleum
1705 2373 2748 2425 (Schlußbericht). Schwach. Standard white loco
1703 2419 1872 2465 5,95 bez.
1750 2467 2746 2516 Hamburg, 9. Juni. (W. T. B.) Getreide⸗
1703 2512 2747 2564 markt. Weizen loco ſtill, holſtein. loco 182,00
1702 2559 2745 2610 — 186,00. Roggen loco ſtill, mecklenburgiſcher
1703 2603 2744 2655 loco 130 — 136, ruſſ. loco ruhig, 96,00 — 100,00.
1700 2649 2742 2700 Hafer und Gerſte ruhig. Rüböl ſtill, loco 47. Spiritus
1698 2697 2743 2746 matter, pr. Juni 28 Br., pr. Juli⸗Auguſt 28
1698 2742 2740 2793 Br., pr. September⸗Oktober 28 ½ Br., pr. Novem⸗
1698 2787 2740 2844 ber⸗Dezember 28 Br. Kaffee matt. Umſatz
1693 2834 2739 2885 — Sack. Petroleum ſtill. Standard white loco
1697 2879 2739 2932 6,00 Br., 5,90 Gd., pr. Auguſt⸗Dezember 6,25 Gd.
1786 2927 2738 2977 Wien, 9. Juni. (W. T. B.) Der Getreide⸗
1693 2972 2737 3027 markt bleibt heute des katholiſchen Feſttages wegen
1692 3018 1895 3063 geſchloſſen.
1738 3066 2737 3118 Peſt, 9. Juni. (W. T. B.) Des katholiſchen
1691 3110 2566 3161 Feſttages wegen heute kein Produktenmarkt.
1735 3158 2735 3209 Amſterdam, 9. Juni. (W. T. B.) Banca⸗
1690 3203 1866 3249 zinn 61 ¾.
1728 3248 2734 3300 Amſterdam, 9. Juni. (W. T. B.) Ge⸗
1689 3296 2734 3346 treidemarkt. Weizen pr. Juni —, pr. November
1687 3341 2590 3391 227. Roggen pr. Juni —, pr. Oktober 123.
1731 3388 2729 3440 Antwerpen, 9. Juni. (W. T. B.) Ge⸗
1686 3434 2728 3489 treidemarkt. (Schlußbericht.) Weizen ruhig.
1687 3478 2620 3530 Roggen unverändert. Hafer ſtill. Gerſte flau.
1730 3526 2727 3579 Antwerpen, 9. Juni. (W. T. B.) Petro⸗
1687 3571 2727 3624 leummarkt (Schlußbericht). Raffinirtes, Type
1684 3617 2726 3672 weiß, loco 15 bez. u. Br., pr. Juni 14 ⅞ Br.,
1683 3662 2727 3716 pr. Auguſt 15 ¼ Br., pr. September⸗Dezember
1684 3708 2019 3757 15 ¾ Br. Ruhig.
1725 3753 2723 3808 London, 9. Juni. (W. T. B.) 96 % Java⸗
1679 3800 2723 3857 zucker 13 ¼ ruhig, Rüben⸗Rohzucker 11 ⅞ à 11 ¾ ruhig.
1678 3846 2644 3901 — An der Küſte angeboten 19 Weizenladungen.
1722 3893 2722 3947 Liverpool, 9. Juni. (W. T. B.) Baum⸗
1677 3939 2721 3993 wolle. (Schlußbericht). Umſatz 14 000 B., davon
1677 3984 2720 4040 für Spekulation und Export 3000 B. Feſt.
1676 4030 2719 4088 Middl. amerik. Lieferung: Juni⸗Juli 5 31/32 Werth,
1675 4076 2720 4130 Juli⸗Auguſt 6 Verkäuferpreis, Auguſt⸗September
1674 4122 2719 4172 6 1/64 do., September 6 1/32 do., September⸗Oktober
1671 4167 2716 4222 5 25/32 Werth, Oktober⸗November 5 39/64 Käuferpreis,
1673 4214 2718 4268 November⸗Dezember 5 9/16 do., Dezember⸗Januar
1672 4261 2127 4308 5 9/16 d. Verkäuferpreis.
1715 4308 2714 4361 Liverpool, 9. Juni. (W. T. B.) (Offizielle
1672 4351 2713 4406 Notirungen.) Upland good ordinary 5 6/8, Upland
1671 4396 2713 4451 low middling 5 ⅞, Upland middling 6, Orleans
1670 4445 2711 4502 good ordinary 5 6/8, Orleans low middling 5 ⅞,
1668 4487 2712 4546 Orleans middling 6, Orleans middling fair 6 5/16,
1669 4534 2711 4592 Ceara fair 5 ⅞, Ceara good fair 6, Pernam fair
1665 4581 2709 4639 5 ⅞, Pernam good fair 6 ⅛, Maceio ſair 5 ⅞,
1668 4626 2707 4685 Maranham fair 5 ⅞, Egypt. brown fair 6 ⅞, Egypt.
1667 4673 2709 4734 brown good fair 7 ⅜, Egyptian brown good 7 ⅝,
1666 4718 2707 4776 Egyptian white fair 6, Egyptian white good
1666 4764 2706 4822 fair 6 7/16, Egyptian white good 6 ⅝, M. G. Broach
1665 4813 2709 4868 good 5 ⅛, M. G. Broach fine 5 ⅝, Dhollerah
1662 4855 2704 4915 fair 3 ⅝, Dhollerah good fair 4 3/16, Dhollerah good 4 9/16,
1663 4901 2703 4957 Dhollerah fine 5, Oomrawuttee fair 3 ⅝, Oomra
1663 4950 2702 5008 good fair 4 ⅛, Oomra good 4 9/16, Oomra fine 5 1/16,
1659 4992 2701 5053 Scinde good fair 2 15/16, Bengal good fair 2 ⅞,
1662 5040 2703 5102 Bengal good 3 ¼, Bengal fine 3 15/16, Tinnevelly
1661 5087 2699 5147 good fair 5 1/16, Weſtern good fair 4, Weſtern good
1659 5132 2700 5189 4 ⅜, Peru rough fair 6 5/16, Peru rough good fair
1659 5178 2702 5241 6 ⅝, Peru rough good 6 ¾, Peru ſmooth fair 5 15/16,
1659 5223 2697 5282 Peru ſmooth good fair 6 1/16, Peru moder. rough
1658 5268 2697 5329 fair 6 3/16 Peru moder. rough good fair 6 ⅜, Peru
1656 5316 2156 5364 moder. rough good 6 9/16.
1704 5358 2695 5423 Glasgow, 9. Juni. (W. T. B.) Roheiſen.
1655 5405 2611 5463 (Schluß.) Mixed numbers warrants 41 ſh. 10 d.
1700 5453 2695 5510 Paris, 9. Juni. (W. T. B.) Rohzucker
1653 5497 2693 5561 88⁰ ruhig, loco 28,50. Weißer Zucker träge,
1652 5542 2692 5603 Nr. 3 pr. 100 kg pr. Juni 32,50, pr. Juli 32,60,
1649 5589 2692 5648 pr. Juli⸗Auguſt 32,75, pr. Oktober⸗Januar 33,00.
1696 5635 2693 5693 Paris, 9. Juni. (W. T. B.) Getreide⸗
1644 5682 2690 5739 markt. Weizen ruhig, pr. Juni 27,25, pr.
1646 5726 2691 5785 Juli 27,00, pr. Juli⸗Auguſt 26,60, pr. September⸗
1646 5771 2689 5835 Dezember 25,10. Mehl 12 Marques ruhig,
1645 5817 2693 5879 pr. Juni 58,25, pr. Juli 58,10, pr. Juli⸗Auguſt
1643 5861 2689 5926 58,00, pr. September⸗Dezember 55,00. Rüböl
1643 5906 2689 5972 behauptet, pr. Juni 54,75, pr. Juli 55,25, pr. Juli⸗
1641 5954 2686 6014 Auguſt 55,50, pr. September⸗Dezember 56,75,
1641 5999 2686 6060 Spiritus ruhig, pr. Juni 42,75, pr. Juli 42,75,
1637 6041 2686 6107 pr. Juli⸗Auguſt 42,75, pr. September⸗Dezember
1637 6090 1753 6134 41,00.
1684 6138 2684 6196 New⸗York, 9. Juni. (W. T. B.) Waaren⸗
1636 6181 2684 6240 bericht. Baumwolle in New⸗York 11 5/16, do. in
1632 6227 2682 6284 New⸗Orleans 10 ¾. Raff. Petroleum 70 % Abel
1629 6273 2681 6332 Teſt in New⸗York 6 ⅝ Gd., do. in Philadelphia
1627 6319 2681 6379 6 ⅝ Gd. Rohes Petroleum in New⸗York — D. 5 ⅞ C.,
1626 6365 2680 6426 do. Pipe line Certificates — D. 63 ⅛ C. Mehl 3 D.
1624 6411 2680 6475 70 C. Rother Winterweizen loco — D. 98 C.,
1623 6458 2681 6521 pr. Juni — D. 97 ¾ C., pr. Juli — D. 95 C.,
2835 300 3894 361 pr. Septbr. — D. 91 ⅞ C., Mais (New) 48.
2834 354 3894 406 Zucker (Fair refining Muscovados) 4 ½. Kaffee
2834 399 3891 453 (Fair Rio⸗) 22 ½, do. Rio Nr. 7 low ordinary pr.
2832 444 3891 499 Juli 20,20, do. do. pr. Septbr. 20,65. Schmalz
2833 492 3891 544 (Wilcox) 7,25, do. Fairbanks 7,15, do. Rohe und
2832 538 3753 590 Brothers 7,25. Speck 8 ¼. Getreidefracht 2.
2879 623 3892 685 Berlin. Central⸗Markthalle, 9. Juni.
2831 676 3889 729 Bericht des ſtädtiſchen Verkaufsvermittlers J. Sand⸗
2832 723 3887 776 mann auf Grund amtlicher Notirungen. — Butter.
2828 767 3887 820 (Reine Naturbutter). Feinſte, haltbare Süßrahm⸗
2829 814 3887 866 Tafelbutter (bekannte Marke) Ⅰ a 90 — 93, friſche
2829 861 3885 914 reinſchmeckende Tafelbutter II a 80 — 88, feine Tiſch⸗
2828 904 3886 959 butter III a 70 — 80, fehlerhafte Tiſchbutter IV a.
2825 953 3883 1004 60 — 70, Koch⸗ und Backbutter Ⅴ a 50 — 65.
2827 999 3883 1055 Auktion täglich 10 Uhr Vormittags. — Eier,
2827 1042 3880 1097 1,80 — 2,05 ℳ netto ohne Abzug pr. Schock.
2827 1091 3881 1146 Größere Zufuhren erwünſcht. Auktion täglich
2827 1137 3879 1191 10 Uhr. — Käſe. Ⅰ. Emmenthaler 75 — 80,
2824 1181 3879 1238 Schweizer I. 60 — 65, II. 55 — 60, III. 45 — 50,
2824 1229 3878 1283 □ Backſtein I. 14 — 18, II. 10 — 14 ℳ, ⅠⅠⅠ. 8 — 10 ℳ pr.
2822 1275 3877 1329 Ctr. Limburger I. 28 — 32, II. 25 — 28, III. 14 — 22,
2819 1321 3876 1377 Rheiniſcher Holländer Käſe I. 50 — 55 ℳ, II. 40 — 45 ℳ,
2820 1367 3877 1422 Edamer I. 65 — 70, II. 50 — 58 ℳ, Harzer 2,20 — 2,50 ℳ
2817 1414 3878 1469 pr. Kiſte. Deutſcher Camembert — ℳ pr.
2818 1459 3876 1511 Dtzd., Neufchatel 10 — 15 ℳ per 100 Stück. Auktion
2817 1504 3874 1561 täglich 11 Uhr. — Wild, Rehböcke I. 55 — 60,
2815 1551 3873 1606 II. 50 — 55, Damhirſch 35 — 55 ₰, Rothhirſch
2815 1599 3872 1655 30 — 50 ₰, Schwarzwild 25 — 60 ₰ pr. Pfd. Faſanen⸗
2815 1643 3872 1698 hähne — ℳ, Kaninchen 50 — 65 ₰ pr. Stück. Lebendes
2814 1690 3874 1746 Rehwild 30 — 40 ℳ pr. Stück. Wildauktion täglich
2812 1738 3871 1793 um 6 Uhr Nachmittags. — Fleiſch. Rindfleiſch
2809 1779 3870 1839 28 — 43 — 49, Kalbfleiſch im Fell 43 — 54, Hammel
2810 1825 3868 1886 42 — 50, Schweinefleiſch 41 ₰ pr. Pfd.
2811 1876 3869 1934 — Geflügel, fett, geſchlachtet, junge, fette
2810 1920 3867 1978 Gänſe 75 — 90 ₰ pr. Pfd. Fette Enten 1,25 bis
2806 1968 3867 2027 2 ℳ Tauben 30 — 45 ₰, Poularden 3 — 6 ℳ
2807 2013 3866 2071 Hühner 0,60 — 1,00 — 2,00 pr. Stück. Geflügel,
2805 2060 3867 2119 lebend. Junge Gänſe Ⅰ a —, II a 1,50 —
2805 2105 3866 2166 2,50, Enten 1,20 — 2,00 ℳ, Hühner 0,50 —
2805 2152 3867 2211 1,00 — 1,60 ℳ, Tauben 30 — 45 ₰ pr. Stück.
2804 2198 3865 2256 Auction tägl. um 6 Uhr Nachmittags. — Obſt und
2803 2246 3860 2304 Gemüſe. Spargel ſtark 50 — 60, mittel 35 — 40,
2801 2293 3861 2348 unſortirt 40 — 45, dünn 20 — 30 ℳ pr. Ctr. Gurken
2800 2335 3854 2396 25 — 60 ℳ pr. 100 Stck. Schoten 45 — 50 ₰
2800 2385 3858 2441 pr. Kilo. — Weißfleiſchige Speiſe⸗Kartoffeln
2797 2430 3856 2490 3,20 — 3,60 ℳ Malta⸗Kartoffeln, runde, 30 — 32,
2796 2476 3855 2535 Italiener 24 — 26 ℳ Zwiebeln 11 — 13 ℳ pr.
2798 2521 3855 2580 100 Ko. Kopfſalat 3 — 5 ℳ Blumenkohl 45 — 55 ℳ
2795 2570 3855 2627 pr. 100 Kopf. — Kirſchen 100 — 150 ℳ, Erdbeeren
2794 2617 3859 2673 400 ℳ, Stachelbeeren 12 — 15 ℳ pr. Ctr. —
2793 2662 3855 2722 — Geräucherte und marinirte Fiſche. Bratheringe
2793 2708 3852 2764 pr. Faß 1,20 — 1,25 ℳ Ruſſiſche Sardinen
2796 2756 3853 2808 1,25 — 1,50 ℳ Bücklinge 1,00 — 2,50 pr. 100 Stück
2792 2800 3850 2859 in Kiſten von 50 Stück, Sprotten 1,50 pr. Kiſte.
2790 2847 3848 2909 Rauchaal 0,60 — 1,00 — 1,20 ℳ pr. Pfund. Oſtſee⸗
2790 2893 3852 2953 Räucherlachs 1,50 — 2,00. Flundern 1,50 — 2,80 —
2788 2935 3849 2999 4,00. — Fiſche in Eispackung. Hechte 40 —
2791 2984 3848 3047 60, Bleie 3 — 25, Zander 40 — 60, Stein⸗
2789 3032 3846 3095 butte 0,60 — 0,70, Seezunge 0,40 — 0,80, Scholle —,
2787 3079 3845 3139 Schellfiſch 3 — 15, Kabliau 5 — 15, Dorſch —, Oſtſee⸗
2786 3124 3851 3182 lachs 0,75 — 0,90, Aal 0,50 — 0,90, Schleie 55 ℳ
2784 3171 3846 3231 pr. Ctr. — Krebſe 10 — 12 cm 1,20 — 1,50 ℳ, mittel
2783 3219 3315 3268 4 — 6 ℳ, große 6 — 10 ℳ
2833 3323 3846 3383 Ausweis über den Verkehr auf dem Berliner
2782 3370 3842 3430 Schlachtviehmarkt vom 6. Juni 1887.
2781 3415 3842 3475 Auftrieb und Marktpreiſe nach Fleiſchgewicht, mit
2779 3461 3841 3523 Ausnahme der Schweine, welche nach Lebendgewicht
2778 3508 3123 3558 gehandelt werden.
2826 3554 3839 3616 Rinder. Auftrieb 3915 Stück. (Durchſchnittspr.
2777 3600 3838 3660 für 100 kg.) Ⅰ. Qualität 98 — 104 ℳ, II. Qua⸗
2776 3647 3837 3706 lität 88 — 96 ℳ, III. Qualität 72 — 84 ℳ, IV. Qua⸗
2775 3693 3094 3740 lität 60 — 68 ℳ
2823 3739 3835 3798 Schweine. Auftrieb 10 640 Stück. (Durchſchnitts⸗
2772 3786 3833 3844 preis für 100 kg.) Mecklenburger 82 ℳ, Land⸗
2773 3831 3835 3890 ſchweine: a. gute 78 — 80 ℳ, b. geringere 72 — 76 ℳ
2772 3877 3833 3936 bei 20 % Tara. Bakony — ℳ bei 50 Pfd. Tara
2770 3924 3832 3986 per Stück. Galizier — ℳ bei 20 % Tara,
2770 3970 3467 4019 leichte Ungarn — bei 20 % Tara.
2817 4016 3829 4076 Kälber. Auftrieb 2015 Stück. (Durchſchnittspr.
2769 4062 3831 4119 für 1 kg.) Ⅰ. Qualität 0,80 — 1,00 ℳ, II. Qualität
2767 4110 3052 4156 0,56 — 0,76 ℳ
2816 4155 3829 4218 Schafe. Auftrieb 16 397 Stück. (Durchſchnittspr.
2766 4200 3830 4258 für 1 kg.) I. Qualität 0,80 — 0,98 ℳ, II. Qualität
2764 4248 3504 4302 0,68 — 0,76 ℳ, III. Qualität — ℳ
2778 6197 3796 6266 ¹) Böig. ²) Starke Regenböen. ³) Böig. ⁴) Nach⸗
2730 6247 3795 6310 mittags Gewitter. ⁵) Geſtern öfters Regen.
2725 6292 3794 6360 ⁶) Geſtern Gewitter. ⁷) Gegen Abend Gewitter,
2727 6338 2858 6387 Regen.
2775 6380 3795 6451 Skala für die Windſtärke: 1 = leiſer Zug,
2728 6427 3792 6494 2 = leicht, 3 = ſchwach, 4 = mäßig, 5 = friſch,
2727 6472 3790 6540 6 = ſtark, 7 = ſteif, 8 = ſtürmiſch, 9 = Sturm,
3945 314 4971 397 10 = ſtarker Sturm, 11 = heftiger Sturm, 12 =
3944 361 4077 413 Orkan.
4146 409 4794 470 Ueberſicht der Witterung.
3989 458 4975 535 Ein barometriſches Maximum von über 770 mm
3940 504 4970 579 liegt über Großbritannien, ein Minimum unter
3941 550 4968 625 745 mm über dem Bottniſchen Buſen, an der ſüd⸗
3939 598 4966 668 norwegiſchen und jütiſchen Küſte ſtürmiſche, im nord⸗
3938 643 4968 716 weſtlichen Deutſchland ſtarke nordweſtliche Winde
3939 684 4968 763 mit trübem Wetter verurſachend. Im übrigen
3938 733 4966 805 Deutſchland iſt das Wetter ruhig, trocken und ziem⸗
3937 780 4967 853 lich heiter. Die Temperatur iſt über die Nordhälfte
3936 826 4966 899 Central⸗Europas allenthalben geſunken, im Süden
3934 873 4962 942 wenig verändert. Auf dem Gebiet zwiſchen Friedrichs⸗
3934 918 4964 997 hafen, Wien und Rügenwaldermünde fanden vielfach
3934 965 4918 1033 Gewitter ſtatt, jedoch ohne ſtärkere Niederſchläge.
4444 1025 4927 1091 Deutſche Seewarte.
4079 1257 4823 1335 9) Theater⸗Anzeigen.
3978 1346 4960 1433 Königliche Schauſpiele. Sonnabend: Opern⸗
3925 1415 4959 1488 haus. 146. Vorſtellung. Fra Diavolo, oder:
3923 1461 4959 1530 Das Gaſthaus zu Terracina. Oper in 3 Ab⸗
3923 1507 4956 1579 theilungen von Scribe, bearbeitet von C. Blum.
3923 1553 4957 1624 Muſik von Auber. In Scene geſetzt vom Direktor
3921 1601 4517 1653 von Strantz. Anfang 7 Uhr.
3969 1642 4954 1713 Schauſpielhaus. 154. Vorſtellung. Die Picco⸗
3920 1694 4955 1764 lomini. Schauſpiel in 5 Akten von Schiller. In
3919 1739 4956 1807 Scene geſetzt vom Direktor Deetz. Vorher: Wallen⸗
3918 1786 4954 1855 ſtein's Lager. Schauſpiel in 1 Akt von Schiller.
3917 1831 4246 1879 Anfang 6 ½ Uhr.
3964 1889 4953 1956 Sonntag: Opernhaus. 147. Vorſtellung. Tann⸗
3917 1935 4953 2003 häuſer und der Sängerkrieg auf der Wart⸗
3920 1983 4955 2052 burg. Große romantiſche Oper in 3 Akten von R.
3917 2028 4950 2094 Wagner. (Eliſabeth: Fr. Sucher, vom Stadt⸗
3912 2074 4951 2148 Theater in Hamburg, als Gaſt; Hr. Niemann.)
3913 2120 4208 2167 Anfang 7 Uhr.
3959 2167 4950 2236 Letztes Auftreten des Herrn Niemann in dieſer
3911 2212 4063 2259 Saiſon.
3958 2260 4948 2324 Schauſpielhaus. 155. Vorſtellung. Wallenſtein's
3910 2305 4948 2371 Tod. Trauerſpiel in 5 Akten von Schiller. An⸗
3908 2352 4173 2400 fang 6 ½ Uhr.
3951 2505 4947 2582 Deutſches Theater. Sonnabend: Die Hoch⸗
3903 2573 4404 2620 zeit auf dem Aventin.
3951 2619 4661 2672 Sonntag: Der G'wiſſenswurm.
3950 2665 4942 2732 Montag: Des Meeres und der Liebe Wellen.
3901 2709 4703 2775 (Hero: Frl. Maria Ortwin, als Gaſt.)
3933 2888 4944 2969 Victoria-Theater. Sonnabend (vorletzte Vor⸗
4152 2958 4711 3013 ſtellung): Zum 305. Male:
3946 3001 4943 3071 Mit neuer Ausſtattung an Koſtümen und
3897 3046 4943 3115 Requiſiten und mit neuen großen Ballets.
3895 3092 4940 3158 Frau Venus, von Ernſt Pasqué und Oskar
3894 3139 4945 3209 Blumenthal. Muſik von C. A. Raida, Ballet
3893 3188 4941 3257 von C. Severini. (Venus: Frl. Schwarz,
3892 3234 4940 3299 Dr. Wupp: Hr. Pauli; Sultan Babur:
3892 3277 4943 3346 Hr. Blumenreich; Guntram: Hr. Litaſchi; Raimund:
3891 3322 4134 3373 Hr. Höcker.)
3940 3370 4937 3440 Preiſe der Plätze: Fremden⸗ und Orcheſterloge
3892 3415 4941 3483 5 ℳ Ⅰ. Rang Mittel⸗Balkon 4 ℳ Parquet 3 ℳ
3889 3463 4942 3533 Ⅰ. Rang⸗Balkon und Loge 3 ℳ ⅠⅠ. Rang 2 ℳ
3889 3510 4884 3574 ⅠⅠⅠ. Rang 1,50 ℳ Loge 1 ℳ Gallerie 75 ₰.
3937 3556 4901 3616 Sonntag (Schluß der Saiſon): Frau Venus.
3938 3602 4938 3668 Wiedereröffnung am 20. Auguſt d. J. unter
3886 3646 4346 3703 Direktion Scherenberg.
3954 3828 4903 3902 Friedrich-Wilhelmſtädtiſches Theater.
3882 3891 4935 3953 Direktion: Julius Fritzſche. Chauſſeeſtraße 25 — 26.
3930 3938 4930 4002 Sonnabend: Gaſtſpiel des Herrn Direktor A. Kurz
3881 3985 4931 4049 mit ſeiner Geſellſchaft. Zum 1. Male: Thereſe
3880 4030 4932 4096 Raquin. Schauſpiel in 4 Akten von E. Zola.
3928 4077 4249 4130 Anfang 7 ½ Uhr.
3926 4123 4926 4184 Der elektriſch beleuchtete prachtvolle Sommer⸗
3878 4172 4256 4219 garten iſt geöffnet.
3925 4217 4928 4280 Sonntag: Thereſe Raquin. Schauſpiel in
3876 4262 4325 4314 4 Akten von E. Zola.
3919 4426 4924 4498 Reſidenz-Theater. Direktion: Anton Anno.
3920 4491 4922 4554 Sonnabend: Gaſtſpiel des Fräul. Tilda Schwarz.
3874 4538 4922 4597 Cyprienne. (Divorçons.) Luſtſpiel in 3
3873 4584 4921 4645 Akten von Victorin Sardou. Regie: Wilhelm von
3871 4629 4921 4692 Hoxar. (Cyprienne: Frl. Tilda Schwarz, als Gaſt.)
3916 4677 4237 4725 Anfang 7 ½ Uhr.
3917 4723 4389 4774 Sonntag: Cyprienne.
3937 4910 4918 4977 Krolls Theater. Sonnabend: Alleſſandro
3866 4971 4093 5017 Stradella.
3912 5023 4917 5080 Bei günſtiger Witterung vor und nach der Vor⸗
3865 5067 4915 5128 ſtellung, Abends bei brillanter elektriſcher Beleuchtung
3864 5113 4789 5172 des Sommergartens: Großes Doppel⸗Concert.
3910 5160 4914 5219 Anfang des Concerts 5 ½ Uhr, der Vorſtellung
3862 5202 3994 5251 7 Uhr.
3909 5251 4913 5312 Sonntag: Vorletztes Gaſtſpiel der Signora
3862 5296 4912 5356 Erneſtina Bendazzi. Der Barbier von Sevilla.
3860 5343 4392 5394 (Roſine: Sgra. Bendazzi.)
3908 5385 4912 5452 Montag: Erſtes Gaſtſpiel der Frau Katharina
3858 5434 4245 5483 Klafsky. Fidelio.
3905 5482 4911 5540 Billets à 3 ℳ, 2 ℳ und 1 ℳ 50 ₰, Abonne⸗
3859 5528 4910 5586 ments⸗Billets à Dtzd. 9 ℳ und Entrée 1 ℳ ſind
3860 5573 4910 5631 vorher zu haben an der Kaſſe, bei den Herren Bach,
3858 5618 4909 5678 Unter den Linden 46, Schirmer u. Möllendorf, Unter
3857 5664 4909 5725 den Linden 48, Lindenberg, Leipzigerſt 50 a, und
3854 5708 4647 5765 im Invalidendank, Markgrafenſtr. 51 a.
3898 5882 4909 5949 Belle-Alliance-Theater. Sonnabend: Ge⸗
3854 5944 4907 6006 ſammt⸗Gaſtſpiel der Mitglieder des Reſidenz⸗Theaters.
3852 5995 4906 6053 Georgette. Schauſpiel in 4 Akten von Victorin
3853 6039 4017 6086 Sardou.
3897 6087 4906 6141 Im prächtigen Sommergarten: Großes Con⸗
3851 6134 4903 6191 cert. Auftreten der 3 Sängergeſellſchaften, des
3849 6177 4903 6234 Schwediſchen National⸗Damen⸗Doppel⸗Quartetts,
3848 6224 4902 6280 der Geſchwiſter Delina, genannt „Wiener Schwalben“,
3847 6270 4905 6327 und der Wiener Original⸗Duettiſten Herren Schmutz
3846 6315 4903 6372 und Rück. — Abends: Brillante Illumination durch
3845 6357 4258 6407 20 000 Gasflammen.
3890 6405 4875 6463 Anfang des Concerts 6, der Vorſtellung 7 Uhr.
3890 6451 4899 6507 Sonntag: Dieſelbe Vorſtellung. Im Sommer⸗
3841 6498 4503 6550 garten: Großes Concert u. ſ. w.
5901 406 8638 657 Deutſcher Reichs⸗Anzeiger
7198 772 7321 844 und
5240 945 9299 1220 Königlich Preußiſcher Staats⸗Anzeiger.
5512 1319 6628 1371 Das Abonnement beträgt vierteljährlich 4 ℳ 50 ₰.
5613 1375 6525 1421 Alle Poſt-Anſtalten nehmen Beſtellung an;
5466 1426 6679 1477 für Berlin außer den Poſt-Anſtalten auch die Expedition
5741 1479 6406 1525 SW., Wilhelmſtraße Nr. 32.
5604 1531 6541 1577 Einzelne Nummern koſten 25 ₰.
7895 1311 9003 1360 Inſertionspreis für den Raum einer Druckzeile 30 ₰.
7856 1364 9034 1416 Inſerate nimmt an: die Königliche Expedition
8105 1418 8780 1464 des Deutſchen Reichs-Anzeigers
7975 1469 8920 1515 und Königlich Preußiſchen Staats-Anzeigers
8027 1520 8865 1567 Berlin SW., Wilhelmſtraße Nr. 32.
5129 1682 5510 1782 No. 134.
6569 1665 7942 1758 Berlin, Sonnabend, den 11. Juni, Abends.
9128 1658 9443 1739 1887.
5415 1870 6136 1922 Berlin, den 11. Juni 1887.
5212 1942 6488 2012 In dem Befinden Sr. Majeſtät des Kaiſers und
5129 1997 6486 2071 Königs iſt eine größere Ruhe eingetreten. Der Schlaf in
5129 2050 6486 2121 der Nacht war weniger oft, und nur auf kürzere Zeit unter⸗
5129 2120 5269 2172 brochen.
5213 2153 6486 2219 Das Allgemeinbefinden iſt befriedigend, und haben
5128 2205 6234 2270 Se. Majeſtät das Bett heute Nachmittag verlaſſen.
5173 2441 6434 2505 Se. Majeſtät der König haben Allergnädigſt geruht:
5216 2503 6486 2561 dem ordentlichen Profeſſor in der mediziniſchen Fakultät
5131 2556 6489 2617 der Univerſität Greifswald und Direktor der Univerſitäts⸗
5127 2607 6487 2674 Augenheilanſtalt daſelbſt, Dr. Schirmer, den Rothen Adler⸗
5125 2659 6489 2718 Orden vierter Klaſſe; dem Poſtdirektor Joſt zu Berlin den
5128 2711 6489 2775 Königlichen Kronen⸗Orden dritter Klaſſe; dem Kreis⸗Wundarzt
5127 2763 6490 2823 Mertens zu Wongrowitz und dem emeritirten Hauptlehrer
5127 2815 6490 2877 Caspers zu Jüchen im Kreiſe Grevenbroich den Königlichen
5126 2866 6491 2925 Kronen⸗Orden vierter Klaſſe; dem emeritirten Lehrer Boecker
5129 2918 6491 2984 zu Hohenlimburg im Kreiſe Iſerlohn den Adler der Inhaber
5131 2971 6492 3031 des Königlichen Haus⸗Ordens von Hohenzollern; ſowie dem
5126 3023 6492 3084 Gerichtsdiener Klüber zu Amöneburg und dem Holzhauer⸗
5124 3074 6492 3135 meiſter Hollmann zu Freckenhorſt im Kreiſe Warendorf das
5126 3130 5924 3188 Allgemeine Ehrenzeichen zu verleihen.
5215 3292 6492 3350 Auf den von Sr. Majeſtät dem König genehmigten Vor⸗
5124 3344 6494 3405 ſchlag Ihrer Majeſtät der Kaiſerin und Königin iſt
5125 3397 6491 3457 die Gemahlin des Geheimen Kommerzien⸗Raths Henſchel zu
5125 3449 6494 3509 Kaſſel zum Mitglied des Kapitels der zweiten Abtheilung des
5124 3501 6493 3560 Luiſen⸗Ordens, an Stelle der verſtorbenen Frau Geheimen
5126 3555 6103 3612 Kommerzien⸗Räthin Borſig, ernannt worden.
5602 3791 6188 3848 greich Preußen.
5169 3879 5239 3929 Se.
5584 3873 6441 3928 r König haben Allergnädigſt geruht:
5214 3942 5277 3992 den
5569 3938 6497 3999 eſſor von Bulinski zum Amtsrichter
5122 4000 5378 4048 zu ernennen,
5211 4039 6493 4101 den Regierungs⸗ und Bauräthen Schack in Frankfurt
5127 4092 6493 4151 a. O., von Zſchock in Liegnitz und Zeidler in Kaſſel den
5123 4148 6046 4204 Charakter als Geheimer Regierungs⸗Rath,
5213 4198 6494 4256 dem Regierungs⸗ und Medizinal⸗Rath und außerordent⸗
5125 4249 6493 4307 lichen Profeſſor Dr. Johannes Adolf Ludwig Bocken⸗
5123 4305 5512 4357 dahl zu Kiel, und
5210 4350 6492 4408 dem Regierungs⸗ und Medizinal⸗Rath Dr. med. Karl
5123 4402 6492 4462 Friedrich Edmund Freiherrn von Maſſenbach zu
5127 4455 6492 4514 Koblenz den Charakter als Geheimer Medizinal⸗Rath zu ver⸗
5126 4506 5240 4560 leihen.
5167 4604 6441 4662 Se. Majeſtät der König haben Allergnädigſt geruht:
5210 4666 6497 4724 den Superintendentur⸗Verweſer, Pfarrer Salomo in
5123 4718 6495 4775 Zützen zum Superintendenten der Diözeſe Luckau, Regierungs⸗
5124 4771 5909 4830 bezirk Frankfurt a. O., zu ernennen.
5504 4928 6084 4984 Finanz⸗Miniſterium.
5581 5015 6017 5071 Ueberſicht
5121 5070 6496 5131 über die von den Provinzial⸗Rentenbanken ſeit
5121 5122 6496 5187 ihrem Beſtehen bis zum 1. April 1887 ausgegebenen
5357 5175 6233 5236 und ausgelooſten Rentenbriefe.
5267 6354 6319 6414 Hauptverwaltung der Staatsſchulden.
5447 6430 6135 6487 Bekanntmachung.
5213 6486 6493 6547 Die von den Stamm⸗Aktien und Prioritäts⸗Obligationen
5118 6531 6489 6605 der Niederſchleſiſch⸗Märkiſchen Eiſenbahn ſtatutenmäßig zu
5114 6581 5299 6647 tilgenden
6661 1864 7591 1920 1913 Stück Stamm⸗Aktien zu 100 Thlr.,
6686 1914 7958 1970 586 „ Prioritäts⸗Obligationen Ser. I zu 100 Thlr.,
6663 1968 7901 2026 1175 „ „ „ „ II „ 50 „
6559 2023 6802 2073 werden am
6799 2071 7713 2123 1. Juli d. J., Vormittags 11 Uhr,
6557 2118 7962 2177 in unſerm Sitzungszimmer, Oranienſtraße Nr. 108, II Trep⸗
6557 2175 7701 2233 pen, in Gegenwart eines Notars öffentlich verlooſt.
6666 2227 7267 2283 Berlin, den 3. Juni 1887.
6840 2277 7671 2336 Hauptverwaltung der Staatsſchulden.
7159 2330 7362 2383 Sydow.
6638 2472 7888 2529 Miniſterium der geiſtlichen, Unterrichts⸗ und
6881 2525 7653 2583 Medizinal⸗Angelegenheiten.
6664 2598 7964 2655 Der praktiſche Arzt Dr. med. Karl de Beauclair
6556 2651 7962 2707 zu Diez iſt zum Kreis⸗Phyſikus des Unter⸗Lahn⸗Kreiſes er⸗
6559 2708 6892 2758 nannt worden.
6995 2823 7537 2878 Juſtiz⸗Miniſterium.
6668 2897 7961 2951 Verſetzt ſind: der Landrichter Sartig in Meiningen an
6561 2948 7963 3004 das Landgericht in Stettin, der Amtsrichter Gottſchalk in
6561 3001 7963 3055 Artern als Landrichter an das Landgericht in Meiningen, der
6562 3053 7962 3111 Amtsrichter Ungewitter in Naumburg in Heſſen an das
6562 3105 7962 3161 Amtsgericht in Oberhauſen, der Amtsrichter Schulze in
6562 3156 7959 3211 Kalbe a. S. an das Amtsgericht in Magdeburg und der
6562 3207 7957 3264 Amtsrichter Eberhard in Exin an das Amtsgericht in Nakel.
6667 3257 7960 3315 Der Kommerzien⸗Rath John Gibſone in Danzig iſt
6562 3311 7965 3369 zum Handelsrichter daſelbſt und der Kommerzien⸗Rath Jo⸗
6563 3362 7964 3418 hann Heinrich Paleske in Danzig zum ſtellvertretenden
6563 3419 7270 3473 Handelsrichter daſelbſt ernannt.
6668 3466 7963 3519 Dem Amtsrichter Loewenthal in Schwetz iſt die nach⸗
6564 3519 7599 3577 geſuchte Dienſtentlaſſung mit Penſion ertheilt.
6670 3571 7213 3626 Dem Rechtsanwalt und
7384 3569 7966 3623 Juſtiz⸗Rath Dr. Lazarus
6563 3624 7229 3678 in Charlottenburg iſt in ſe
7333 3622 7968 3679 Eigenſchaft als Notar der
6563 3677 7278 3732 Wohnſitz in Berlin angewieſen.
6669 3723 7965 3780 In der Liſte der Rechtsanwälte ſind gelöſcht: der Rechts⸗
6565 3730 7966 3830 anwalt von Biernacki bei dem Landgericht in Gleiwitz,
6565 3823 7965 3885 der Rechtsanwalt Geißler in Frauſtadt bei dem Landgericht
6564 3879 7963 3939 in Liſſa und der Rechtsanwalt Künitz in Forſt bei dem
6564 3935 7066 3988 Landgericht in Guben.
6671 3982 7966 4041 In die Liſte der Rechtsanwälte ſind eingetragen: der
6564 4033 7963 4090 Rechtsanwalt Geißler aus Frauſtadt bei dem Amtsgericht
6565 4085 7963 4146 in Groß⸗Strehlitz, der Gerichts⸗Aſſeſſor a. D. Adam bei dem
6566 4138 7963 4195 Landgericht in Danzig und der Rechtsanwalt Grochtmann
6565 4191 7626 4248 aus Dingelſtedt bei dem Amtsgericht in Ahlen.
6669 4239 7961 4299 Die nachgeſuchte Dienſtentlaſſung als Notar iſt ertheilt:
6564 4292 7962 4350 dem Notar, Juſtiz⸗Rath Lange in Striegau, dem Notar,
6563 4343 7962 4406 Juſtiz⸗Rath Leonhard in Magdeburg und dem Notar
6566 4402 6961 4456 Künitz in Forſt.
6668 4445 7961 4509 Der Ober⸗Landesgerichts⸗Präſident Vierhaus in Köln,
6563 4494 7964 4560 der Amtsrichter Friedländer in Heilsberg und der Rechts⸗
6565 4553 7429 4607 anwalt Beſte in Celle ſind geſtorben.
6949 4718 7588 4776 Allgemeine Verfügung
7024 4781 7510 4834 vom 31. Mai 1887,
6590 4841 7941 4909 betreffend die Außer⸗ und Wiederinkursſetzung
6957 4895 7579 4953 von Inhaberpapieren.
6737 4967 7805 5029 Allgemeine Verfügung vom 18. Dezember 1846
6967 5022 7565 5079 (Juſt.⸗Miniſt.⸗Bl. S. 235).
6668 5093 7960 5154 Die nachſtehend abgedruckte Verfügung der Herren Miniſter
6563 5145 7961 5203 des Innern und der Finanzen vom 6. Mai d. J. wird den
6564 5197 7958 5257 Gerichtsbehörden hierdurch zur Kenntnißnahme und Beachtung
6566 5256 6804 5310 mitgetheilt.
6671 5302 7283 5359 Berlin, den 31. Mai 1887.
7036 5352 7483 5406 Der Juſtiz⸗Miniſter.
7127 5402 7398 5458 Friedberg.
6616 5468 7338 5526 An ſämmtliche Gerichtsbehörden.
6670 5548 7960 5610 Es iſt wahrgenommen worden, daß von den öffentlichen
6565 5599 7958 5663 Behörden bei dem Außer⸗ und Wiederinkursſetzen von In⸗
6565 5651 7957 5716 haberpapieren vielfach nicht mit der erforderlichen Raumſparung
6565 5702 7957 5766 verfahren wird. Da durch die einen übermäßigen Raum ein⸗
6565 5752 7956 5816 nehmenden bezüglichen Vermerke die Papiere börſenmäßig
6565 5804 7956 5868 nicht mehr lieferbar werden, ſo nehmen wir Veran⸗
6566 5855 7956 5919 laſſung, die Königliche Regierung zur künftigen ſorg⸗
6565 5906 7955 5971 fältigen Beachtung und entſprechenden weiteren Verfügung
6566 5958 7955 6019 an die von Ihr reſſortirenden Behörden und Inſtitute
6565 6007 7953 6073 auf die in der allgemeinen Verfügung vom 24. Oktober 1846
6570 6053 7951 6124 (Miniſt.⸗Bl. für die innere Verwaltung S. 193, Centr.⸗Bl.
6566 6109 7953 6174 der Abgaben⸗ ꝛc. Verwaltung S. 311, Juſt.⸗Miniſt.⸗Bl. S. 235)
6563 6158 7952 6222 enthaltenen Weiſungen aufmerkſam zu machen, wonach bei
6565 6209 7951 6275 Außer⸗ und Wiederinkursſetzungen überall auf die thunlichſte
6566 6265 7430 6327 Raumerſparniß Bedacht zu nehmen iſt.
6669 6318 7249 6378 Berlin, den 6. Mai 1887.
6616 6371 7205 6429 Der Miniſter des Innern.
6759 6426 7073 6481 Im Auftrage:
6747 6477 7098 6531 von Zaſtrow.
7421 6362 7888 6413 Der Finanz⸗Miniſter.
7497 6412 7841 6468 In Vertretung:
7547 6464 7790 6516 Meinecke.
6618 6530 7490 6594 An ſämmtliche Königliche Regierungen.
8351 1851 9102 1908 Allgemeine Verfügung
8489 1920 8970 1972 vom 4. Juni 1887,
8028 1979 9438 2035 betreffend die durch die Poſt zu bewirkenden Be⸗
8326 2033 9140 2086 händigungen von Urkunden.
8136 2105 9439 2159 Ueber die durch die Poſt zu bewirkenden Behändigungen
8029 2157 9436 2211 von Urkunden werden, im Einverſtändniſſe mit dem Herrn
8030 2209 9437 2264 Staatsſekretär des Reichs⸗Poſtamts, nachſtehende Anordnungen
8031 2267 8229 2319 getroffen.
8136 2312 9443 2370 1) Poſtſendungen, welche wichtige Urkunden (Hypotheken⸗
8031 2364 9445 2420 urkunden, Wechſel ꝛc.) enthalten, ſind mit der Bezeichnung
8032 2416 9443 2473 „Einſchreiben“ und, falls dieſelben nur an den auf der Auf⸗
8030 2467 9438 2525 ſchrift bezeichneten Empfänger, nicht auch an ein erwachſenes
8031 2519 9442 2578 Familienglied (Poſtordnung §. 34 Nr. Ⅴ) erfolgen ſollen, auch
8032 2571 9136 2627 mit der Bezeichnung „Eigenhändig“ zu verſehen.
8133 2622 9445 2680 2) Erſcheint wegen der beſonderen Wichtigkeit der Urkunde
8031 2675 9442 2727 oder aus anderen Gründen eine von dem Empfänger ausge⸗
8031 2726 9445 2786 ſtellte Empfangsbeſcheinigung erforderlich, ſo iſt ein ſolches
8031 2777 9442 2835 Verlangen durch die Bemerkung „Rückſchein“ in der Aufſchrift
8031 2835 8327 2886 auszudrücken.
8132 2881 9441 2938 3) Die Anordnung darüber, ob eine Poſtſendung mit den
8031 2933 9438 2988 unter Nr. 1 und 2 bezeichneten Vermerken zu verſehen iſt,
8032 2984 9443 3042 erfolgt durch den Richter oder Staatsanwalt, welcher die Ab⸗
8030 3041 8397 3094 ſendung verfügt.
8133 3088 9435 3146 4) Die Sendung wird, wenn der Empfänger zur Tragung
8033 3139 9435 3197 der Poſtgebühren verpflichtet iſt, unfrankirt abgelaſſen. Das
8032 3189 9439 3249 Porto und die Gebühren — einſchließlich der etwaigen Rück⸗
8033 3243 9440 3306 ſcheingebühr — für unbeſtellbare oder nicht angenommene
8034 3294 9436 3351 Sendungen ſind der Poſtbehörde aus Juſtizfonds zu erſtatten.
8135 3346 9435 3404 5) Die vorſtehenden Beſtimmungen bleiben bei der Heraus⸗
8035 3398 9437 3457 gabe von Werthpapieren auf Inhaber und von Werthpapieren
8035 3449 9435 3508 auf Namen, auf welche die Zahlung dem Inhaber geleiſtet
8034 3501 9435 3558 werden kann, außer Anwendung. Erfolgt die Ueberſendung
8034 3553 9436 3612 ſolcher Werthpapiere durch die Poſt, ſo iſt bei Briefen in der
8036 3603 9437 3662 Aufſchrift, bei anderen Sendungen in der Aufſchrift der Be⸗
8033 3656 9438 3715 gleit⸗Adreſſe und des zugehörigen Packets der Werth der
8033 3711 8493 3764 Sendung anzugeben.
8137 3760 9431 3819 6) Die vorſtehende Verfügung tritt am 1. Auguſt d. J.
8032 3814 8233 3867 in Kraft.
8133 3865 8742 3917 Berlin, den 4. Juni 1887.
8506 3921 8960 3974 Der Juſtiz⸗Miniſter.
8595 3973 8876 4026 Friedberg.
8086 4049 8763 4103 An ſämmtliche Juſtizbehörden.
8449 4231 9021 4285 Kriegs⸗Miniſterium.
8497 4327 8986 4383 Aufforderung
8029 4389 9434 4451 zur Betheiligung an der Lieferung von Patron⸗
8639 4445 8834 4495 taſchen.
8132 4515 9433 4575 Die zur Ausrüſtung der Truppen erforderlichen Patron⸗
8030 4568 9435 4626 taſchen, und zwar zunächſt die hinteren, ſollen verdungen
8034 4617 9436 4677 werden und ſteht zur Einreichung der Angebote Termin auf
8031 4678 8561 4730 den 25. Juni d. J. an.
8134 4719 9432 4780 Inländiſche Fabrikanten und Sattler⸗Innungen, welche
8031 4772 9428 4832 ſich hierbei zu betheiligen beabſichtigen, wollen ſich wegen
8032 4822 9429 4885 Mittheilung der Lieferungs⸗Bedingungen baldigſt an die
8031 4875 9432 4935 mit demnächſtiger Entgegennahme der Angebote betraute
8030 4923 9429 4989 Intendantur desjenigen Armee⸗Corps wenden, in deſſen Bezirk
8033 4975 9427 5039 ſie ihren Wohnſitz haben. (Die in Berlin wohnenden an die
8031 5032 8763 5092 Intendantur III. Armee⸗Corps.)
8133 5078 9420 5141 Dieſelben werden ferner aufgefordert, der Bekleidungs⸗
8032 5127 9424 5194 Abtheilung des Kriegs⸗Miniſteriums Vorſchläge zur Um⸗
8032 5178 9424 5243 änderung der Patrontaſchen bisherigen Mo⸗
8032 5230 9423 5292 dells in vordere Patrontaſchen für Mannſchaften
8030 5282 9423 5346 M/87 einzureichen, denen eine umgeänderte Taſche, eine
8031 5329 9421 5400 Beſchreibung des Umänderungsverfahrens ſowie die Angabe
8030 5383 9420 5450 beizufügen iſt, zu welchem Preiſe die Umänderung übernommen
8031 5449 8362 5499 werden würde.
8131 5482 9417 5552 Proben, alten ſowohl als neuen Modells, können bei
8030 5537 9416 5604 ſämmtlichen Intendanturen, ſowie bei den Infanterie⸗Regi⸗
8028 5586 9415 5651 mentern und Jäger⸗ (Schützen⸗) Bataillonen eingeſehen werden;
8031 5636 9417 5706 auf Wunſch erfolgt Seitens der erſteren gegen Erſtattung der
8028 5691 9131 5753 Selbſtkoſten auch die Zuſendung von Nachproben.
8128 5738 9412 5801 Die Umänderungsvorſchläge werden davon auszugehen
8030 5805 8291 5861 haben, daß:
8130 5841 9412 5908 1) die Form und das Faſſungsvermögen (30 Patronen)
8025 5890 9419 5958 der vorderen Patrontaſche für Mannſchaften M/87 im Weſent⸗
8026 5957 8311 6009 lichen erzielt,
8124 5994 9416 6059 2) die Dauerhaftigkeit bezw. Kriegsbrauchbarkeit der um⸗
8023 6044 9414 6112 geänderten Patrontaſche in keiner Weiſe beeinträchtigt wird und
8123 6094 9412 6160 3) die Koſten der Umänderung in günſtigem Verhältniß
8022 6146 8992 6213 zu denen der Neubeſchaffung ſtehen müſſen.
8121 6195 9413 6254 Dem Einſender des beſten Vorſchlages für ein Um⸗
8021 6247 9408 6309 änderungs⸗Verfahren, welches den geſtellten Anforderungen
8021 6296 9410 6363 entſpricht, ſichert das Kriegs⸗Miniſterium hiermit eine Prämie
8020 6347 9412 6409 von 5000 ℳ zu, indem es ſich gleichzeitig das Recht vor⸗
8020 6397 9409 6463 behält, das prämiirte Verfahren allgemein zur Anwendung zu
8020 6465 8193 6518 bringen.
8126 6497 9410 6562 Sollte ein annehmbares Umänderungsverfahren nur durch
8026 6548 9411 6614 eine Verringerung des Faſſungsvermögens — jedoch um
751 2417 1095 2465 Per 100 kg für:
599 2485 989 2529 Weizen gute Sorte
598 2529 1019 2577 Weizen mittel Sorte
598 2574 1039 2624 Weizen geringe Sorte
595 2622 993 2668 Roggen gute Sorte
596 2667 1024 2717 Roggen mittel Sorte
595 2716 1044 2763 Roggen geringe Sorte
593 2760 968 2807 Gerſte gute Sorte
591 2807 1003 2853 Gerſte mittel Sorte
593 2854 1015 2902 Gerſte geringe Sorte
590 2897 947 2946 Hafer gute Sorte
589 2944 983 2992 Hafer mittel Sorte
588 2992 999 3039 Hafer geringe Sorte
588 3036 786 3083 Richtſtroh
587 3083 663 3127 Heu
586 3128 1112 3180 Erbſen, gelbe zum Kochen
586 3175 995 3224 Speiſebohnen, weiße
584 3221 702 3265 Linſen
583 3268 783 3313 Kartoffeln
582 3310 791 3358 Rindfleiſch
632 3360 1036 3409 von der Keule 1 kg
629 3403 987 3457 Bauchfleiſch 1 kg
582 3451 998 3502 Schweinefleiſch 1 kg
579 3497 911 3548 Kalbfleiſch 1 kg
581 3543 983 3594 Hammelfleiſch 1 kg
579 3589 846 3636 Butter 1 kg
580 3635 880 3678 Eier 60 Stück
577 3680 857 3727 Karpfen 1 kg
574 3725 821 3772 Aale „
577 3773 818 3818 Zander „
575 3817 815 3864 Hechte „
573 3864 814 3913 Barſche „
576 3911 813 3957 Schleie „
575 3956 815 4000 Bleie „
573 4002 929 4050 Krebſe pr. Schock
1275 2295 1412 2342 Höchſte
1267 2423 1318 2468 ℳ
1269 2488 1314 2533 18
1267 2536 1314 2578 17
1264 2580 1315 2624 17
1265 2629 1310 2671 13
1264 2672 1310 2714 12
1264 2720 1309 2763 12
1262 2766 1308 2809 19
1260 2813 1306 2853 15
1259 2858 1308 2900 12
1258 2902 1304 2947 13
1257 2951 1301 2992 11
1255 2996 1305 3039 10
1249 3050 1307 3077 —
1245 3095 1307 3125 —
1252 3134 1305 3177 30
1247 3181 1305 3220 40
1247 3228 1305 3269 60
1270 3274 1305 3313 5
1270 3362 1298 3407 1
1273 3410 1297 3453 1
1267 3459 1304 3499 1
1269 3503 1299 3545 1
1269 3550 1300 3592 1
1268 3597 1301 3635 2
1265 3642 1300 3683 2
1264 3689 1296 3730 1
1261 3731 1296 3777 2
1260 3780 1295 3821 2
1262 3824 1292 3869 2
1258 3872 1295 3912 1
1257 3918 1296 3959 2
1258 3964 1294 4005 1
1237 4010 1292 4052 12
1380 2424 1419 2475 ₰
1377 2491 1422 2530 90
1376 2537 1418 2580 95
1372 2590 1417 2615 —
1372 2638 1414 2663 —
1372 2677 1414 2717 90
1372 2723 1413 2763 80
1369 2773 1413 2800 —
1368 2812 1413 2855 50
1364 2871 1415 2896 —
1365 2907 1414 2948 20
1367 2954 1413 2994 60
1359 3002 1412 3033 —
1359 3049 1413 3077 —
1357 3095 1413 3124 —
1357 3142 1413 3171 —
1356 3187 1412 3218 —
1355 3234 1411 3264 —
1357 3275 1409 3316 50
1354 3364 1409 3408 40
1357 3412 1405 3452 20
1354 3460 1408 3501 40
1354 3506 1409 3544 50
1356 3551 1406 3594 30
1356 3595 1405 3635 80
1353 3642 1405 3682 80
1353 3689 1401 3731 80
1352 3733 1401 3776 80
1349 3780 1403 3821 50
1344 3833 1401 3862 —
1347 3873 1401 3915 40
1343 3924 1403 3955 —
1344 3965 1401 4007 20
1344 4016 1402 4047 —
1479 2428 1527 2471 ℳ
1480 2488 1525 2532 18
1478 2538 1526 2579 17
1477 2584 1525 2626 16
1477 2631 1525 2673 12
1476 2677 1520 2718 12
1476 2723 1521 2765 12
1474 2768 1521 2811 17
1473 2816 1519 2856 14
1471 2862 1521 2902 10
1470 2907 1519 2949 12
1467 2953 1516 2996 11
1490 2998 1515 3041 9
1460 3048 1519 3078 —
1460 3096 1519 3125 —
1459 3136 1517 3178 20
1460 3183 1517 3226 24
1459 3230 1518 3272 30
1484 3276 1515 3317 3
1481 3366 1511 3409 1
1455 3420 1518 3449 —
1480 3461 1513 3503 1
1481 3507 1515 3548 1
1454 3559 1515 3588 —
1482 3600 1506 3637 1
1477 3642 1512 3686 2
1475 3690 1509 3732 1
1473 3735 1508 3776 1
1473 3780 1508 3825 1
1472 3827 1506 3871 1
1445 3874 1509 3909 —
1469 3920 1504 3964 1
1448 3971 1504 4003 —
1468 4013 1505 4055 2
1466 2298 1659 2344 Niedrigſte
1356 2341 1562 2389 Preiſe.
1586 2428 1629 2477 ₰
1583 2492 1632 2534 50
1580 2539 1627 2582 55
1582 2588 1629 2628 60
1581 2631 1628 2672 70
1576 2677 1628 2720 60
1578 2725 1627 2766 50
1576 2769 1628 2813 50
1574 2821 1624 2847 —
1575 2864 1624 2904 50
1572 2909 1622 2951 60
1568 2957 1624 2989 —
1571 3000 1621 3040 40
1565 3049 1625 3079 —
1565 3097 1624 3126 —
1564 3147 1624 3173 —
1563 3192 1624 3223 —
1563 3237 1621 3267 —
1563 3277 1619 3321 75
1561 3373 1620 3405 —
1561 3412 1620 3456 80
1560 3468 1621 3498 —
1559 3513 1620 3543 —
1561 3553 1618 3594 80
1564 3598 1615 3642 80
1555 3656 1613 3680 —
1553 3697 1614 3727 —
1558 3734 1609 3778 20
1551 3787 1612 3817 —
1554 3837 1611 3865 —
1553 3875 1610 3918 60
1553 3929 1611 3960 —
1552 3970 1609 4009 60
1551 4021 1609 4051 —
2923 4411 3646 4468 Wetterbericht vom 10. Juni,
3086 4462 3494 4508 8 Uhr Morgens.
2805 4637 3024 4691 Stationen.
2754 4822 3026 4876 Mullaghmore
2754 4872 2922 4919 Aberdeen
2753 4917 3027 4967 Chriſtianſund
2749 4964 2985 5014 Kopenhagen
2751 5011 2962 5059 Stockholm
2750 5055 2966 5106 Haparanda
2749 5101 2908 5147 Moskau
2747 5159 3020 5209 Cork, Queens⸗
2793 5209 2889 5250 town
2745 5250 2856 5297 Breſt
2745 5299 2874 5345 Helder
2744 5342 2845 5390 Sylt
2744 5388 2925 5436 Hamburg
2741 5434 3005 5483 Swinemünde
2740 5477 3029 5532 Neufahrwaſſer
2738 5529 2884 5574 Memel
2742 5585 2853 5630 Paris
2739 5632 2904 5679 Münſter
2738 5678 2933 5725 Karlsruhe
2739 5721 2951 5770 Wiesbaden
2738 5765 2914 5815 München
2738 5813 2909 5865 Chemnitz
2736 5858 2868 5905 Berlin
2735 5904 2843 5947 Wien
2735 5951 2894 5995 Breslau
2732 6008 2912 6055 Ile d'Aix
2731 6052 2843 6101 Nizza
2730 6098 2850 6147 Trieſt
3058 4533 3110 4809 Bar auf 0 Gr.
3105 4534 3162 4807 u. d. Meeresſp.
3154 4537 3207 4811 reb. in Millim.
3094 4829 3165 4876 773
3091 4877 3167 4920 770
3089 4922 3168 4965 759
3091 4970 3163 5014 757
3092 5017 3162 5059 749
3091 5062 3162 5105 743
3090 5109 3165 5152 757
3085 5208 3162 5255 774
3085 5254 3160 5301 772
3083 5304 3163 5348 769
3081 5350 3160 5393 763
3081 5394 3161 5436 764
3076 5440 3161 5484 759
3079 5487 3161 5531 756
3081 5533 3156 5575 754
3077 5590 3159 5633 770
3078 5636 3159 5679 768
3080 5685 3159 5724 768
3077 5728 3156 5770 769
3076 5775 3154 5816 769
3075 5820 3152 5861 765
3074 5865 3153 5907 763
3074 5912 3152 5956 764
3072 5956 3149 6000 763
3068 6012 3148 6056 769
3073 6060 3150 6105 763
3070 6104 3149 6151 764
3265 4644 3390 4698 Wind.
3228 4833 3437 4880 WSW 4
3226 4879 3437 4923 WNW 3
3224 4929 3440 4971 WNW 8
3224 4974 3441 5020 WNW 2
3223 5020 3435 5062 N 4
3223 5065 3436 5111 S 2
3366 5110 3433 5159 ſtill
3222 5211 3433 5258 NNW 1
3220 5261 3429 5302 ONO 1
3223 5306 3433 5353 NW 3
3219 5352 3431 5396 NNW 4
3218 5397 3432 5441 W 6
3218 5443 3432 5485 W 5
3218 5491 3430 5535 W 3
3216 5535 3428 5582 WSW 4
3212 5591 3427 5639 N 2
3218 5640 3431 5684 W 6
3215 5687 3429 5733 SW 2
3212 5728 3427 5779 NW 4
3214 5775 3426 5824 NW 4
3211 5821 3426 5867 WSW 5
3210 5868 3425 5915 WNW 6
3210 5912 3423 5960 W 2
3209 5959 3423 6005 W 5
3205 6014 3421 6064 NO 4
3352 6065 3421 6112 ſtill
3355 6111 3422 6160 ſtill
3489 4651 3638 4704 Wetter.
3454 4834 3636 4888 halb bed.
3456 4886 3563 4931 heiter
3454 4931 3575 4976 Regen
3452 4979 3579 5027 woltig
3453 5024 3574 5072 Regen
3453 5069 3560 5116 heiter
3449 5115 3640 5160 wolkenlos
3450 5218 3559 5264 heiter
3447 5263 3573 5316 wolkig
3447 5313 3577 5361 wolkig
3448 5357 3603 5406 bedeckt ¹)
3446 5400 3572 5448 bedeckt
3446 5446 3599 5495 Regen ²)
3445 5496 3602 5548 bedeckt ³)
3445 5538 3570 5587 bedeckt
3440 5597 3631 5642 wolkenlos
3442 5641 3621 5689 halb bed.
3442 5688 3556 5734 heiter
3439 5735 3550 5778 heiter
3442 5781 3583 5832 heiter ⁴)
3441 5828 3628 5873 halb bed.
3440 5872 3602 5924 wolkig ⁵)
3441 5916 3638 5969 halb bed. ⁶)
3440 5963 3635 6018 halb bed. ⁷)
3438 6021 3625 6068 wolkenlos
3436 6067 3626 6115 wolkenlos
3436 6111 3563 6159 wolkig
3750 4842 3795 4887 12
3746 4890 3796 4932 14
3769 4940 3796 4974 5
3744 4981 3798 5024 12
3767 5029 3794 5070 9
3748 5075 3796 5117 13
3743 5120 3796 5163 17
3746 5222 3789 5266 13
3744 5270 3792 5311 12
3743 5318 3791 5357 12
3742 5362 3790 5402 11
3739 5408 3789 5447 13
3741 5455 3792 5496 12
3740 5500 3788 5540 14
3740 5546 3787 5586 12
3736 5603 3787 5644 14
3740 5650 3787 5694 13
3741 5695 3787 5738 19
3738 5739 3785 5781 17
3738 5787 3785 5827 15
3736 5833 3784 5874 15
3735 5880 3784 5921 14
3732 5924 3784 5965 18
3736 5968 3783 6011 14
3737 6023 3779 6067 18
3732 6073 3784 6115 24
3729 6117 3777 6160 24
3684 4563 3727 4796 Temperatur
3731 4562 3775 4802 in ° Celsius
3772 4543 3823 4824 5 °C. = 4 °R.
5123 5510 5170 5576 Nr.
5139 5654 5169 5698 1.
5140 5701 5170 5745 2.
5140 5749 5172 5792 3.
5139 5796 5174 5837 4.
5140 5838 5170 5880 5.
5137 5884 5172 5928 6.
5138 5974 5171 6019 7.
5136 6021 5171 6063 8.
5138 6063 5172 6109 9.
5120 6112 5171 6153 10.
5288 5346 5515 5396 Bezeichnung
5372 5419 5432 5459 der
5304 5485 5497 5532 Provinzen.
5201 5658 5447 5714 Brandenburg
5201 5707 5606 5760 Oſt⸗ und Weſtpreußen
5202 5754 5371 5804 Schleſien
5204 5801 5354 5850 Sachſen
5201 5844 5378 5892 Hannover
5202 5886 5604 5943 Weſtfalen und Rhein⸗
5245 5940 5381 5989 provinz
5206 5983 5474 6035 Heſſen⸗Naſſau
5200 6025 5307 6072 Poſen
5202 6073 5386 6125 Pommern
5201 6116 5569 6172 Schleswig⸗Holſtein
5395 6190 5608 6241 Zuſammen
5647 5295 6196 5349 An Rentenbriefen ſind bis
5741 5343 6126 5393 zum 1. April 1887
5668 5462 5879 5509 in Umlauf
5712 5510 5836 5560 geſetzt.
5749 5569 5802 5607 ℳ
5678 5667 5888 5706 76 426 500
5678 5713 5888 5753 48 007 980
5656 5759 5888 5797 108 531 900
5677 5804 5891 5847 62 207 760
5702 5850 5891 5894 4 582 530
5679 5938 5888 5982 33 205 545
5703 5987 5889 6029 5 372 625
5679 6032 5893 6074 53 713 560
5678 6078 5890 6120 41 045 040
5678 6122 5892 6167 40 692 840
5655 6192 5892 6234 473 786 280
5965 5479 6171 5527 ausgelooſt.
6041 5564 6094 5605 ℳ
5974 5662 6180 5703 16 348 275
5996 5708 6180 5748 7 974 255
5972 5752 6181 5795 34 316 115
5973 5800 6182 5838 15 437 850
6030 5846 6186 5888 388 860
5973 5935 6181 5977 10 940 595
6031 5977 6182 6022 163 275
5973 6027 6185 6069 13 770 960
5997 6073 6186 6115 8 326 350
5998 6118 6189 6163 3 097 950
5951 6186 6185 6231 110 764 485
6235 5271 6475 5317 Mithin ſind
6226 5316 6496 5363 am 1. April
6258 5362 6458 5407 1887 noch
6259 5408 6460 5455 unverlooſt
6240 5453 6472 5501 im Umlauf
6275 5500 6444 5546 geweſen:
6332 5562 6387 5601 ℳ
6261 5659 6470 5697 60 078 225
6259 5704 6474 5746 40 033 725
6261 5750 6470 5790 74 215 785
6260 5796 6471 5833 46 769 910
6285 5841 6471 5883 4 193 670
6261 5932 6477 5974 22 264 950
6286 5978 6471 6015 5 209 350
6263 6023 6471 6063 39 942 600
6263 6068 6474 6108 32 718 690
6263 6114 6478 6154 37 594 890
6241 6182 6469 6227 363 021 795
