10152 7272
1104 474 1726 532 Deutſches Reich.
1055 560 1773 624 Bekanntmachung,
806 620 2001 693 betreffend die techniſche Einheit im Eiſen⸗
1245 678 1557 734 bahnweſen.
1092 751 1712 808 Vom 17. Februar 1887.
796 821 2104 895 In Gemäßheit des vom Bundesrath in der Sitzung vom
691 869 2099 946 16. Dezember 1886 gefaßten Beſchluſſes werden nachſtehend
688 924 2104 1000 die zwiſchen dem Deutſchen Reich, Frankreich, Italien, Oeſter⸗
684 976 2100 1052 reich, Ungarn und der Schweiz vereinbarten Beſtimmungen,
688 1027 2102 1104 betreffend die techniſche Einheit im Eiſenbahnweſen, ver⸗
681 1079 907 1133 öffentlicht.
1788 5057 2241 5118 Doppelſchlüſſel
1086 5113 2956 5209 für die dem internationalen Verkehr dienenden Perſonenwagen.
1518 6445 2442 6515 (Die eingeſchriebenen Maße ſind Millimeter.)
4124 541 4620 623 Nichtamtliches.
3767 639 5076 726 Preußen. Berlin, 4. März. In der geſtrigen (1.)
3663 689 5073 773 Sitzung des Reichstages übernahm der Alters⸗Präſident
3664 745 5072 824 Abg. Dr. Graf von Moltke den Vorſitz mit folgenden Worten:
3749 800 5074 873 Meine Herren! Nach §. 1 der Geſchäftsordnung ſoll bei Beginn
3662 844 5071 916 einer neuen Legislaturperiode der älteſte anweſende Abgeordnete vor⸗
3657 887 5065 963 läufig die Leitung der Geſchäfte übernehmen. Ich bin geboren im
3656 935 5068 1013 Jahre 1800. Es wird wohl Niemand älter ſein als ich? . . . Es iſt
3657 982 5060 1056 nicht der Fall. Ich übernehme daher für jetzt das Alters⸗Präſidium
3653 1031 5066 1102 und eröffne die Sitzung. Ich bitte zunächſt die Herren Abgg. Graf
3651 1074 5058 1152 Kleiſt, Dr. von Kulmiz, Graf Schoenborn und Goldſchmidt, vorläufig
3652 1122 4516 1181 das Amt der Schriftführer zu übernehmen.
3753 1168 5056 1246 Der Alters⸗Präſident ließ den Namensaufruf vollziehen,
3648 1219 5058 1298 welcher die Anweſenheit von 253 Mitgliedern ergab. Das Haus
3647 1273 4154 1331 war alſo beſchlußfähig.
3748 1325 5057 1401 An Vorlagen ſind eingegangen: der Reichshaushalts⸗Etat
3649 1371 5053 1452 für 1887/88 nebſt dem Anleihegeſetz, der Geſetzentwurf, be⸗
3643 1425 5051 1504 treffend die Unfallverſicherung der Seeleute und der bei den
3644 1476 5052 1555 Bauten beſchäftigten Arbeiter, die Ueberſicht über die Reichs⸗
3644 1528 5046 1610 Ausgaben und Einnahmen für 1885/86, der Bericht des Reichs⸗
3643 1580 5048 1659 Verſicherungsamts für 1886, die Nachweiſung der Rechnungs⸗
3639 1634 5041 1712 ergebniſſe der Berufsgenoſſenſchaften, der Geſetzentwurf, be⸗
3639 1685 5041 1764 treffend einige auf die Marine bezüglichen Abänderungen und
3637 1736 5044 1818 Ergänzungen für das Geſetz vom 27. Juni 1871, betreffend
3637 1788 5037 1866 die Penſionen und Beſoldungen der Militärperſonen, der Ge⸗
3633 1838 5035 1923 ſetzentwurf, betreffend die Friedenspräſenzſtärke des deutſchen
3635 1891 4431 1954 Heeres, und einige weitere Berichte.
3729 1945 5034 2023 Die Verlooſung der Mitglieder in die Abtheilungen er⸗
3632 1993 4337 2061 folgte nach Schluß der Sitzung.
3728 2049 5029 2129 Der Abg. Dr. Windthorſt bemerkte zur Geſchäftsordnung:
3629 2097 5027 2180 Der Vorſchlag des Präſidenten bringe das Haus in die Lage,
3622 2155 5029 2234 zum erſten Male eine Thätigkeit auszuüben, und er (Redner)
3626 2203 5029 2280 glaube hier dem Zweifel Ausdruck geben zu müſſen, ob wirk⸗
3621 2254 5026 2336 lich das Haus bereits vorhanden ſei, daß es zu einer Thätig⸗
3622 2306 5028 2388 keit ſchreiten könne. Nach ſeinem Dafürhalten ſei das Haus
3618 2358 5028 2439 in dieſer Lage nicht, weil die Stichwahlen noch nicht zum
3618 2410 5019 2490 Abſchluß gekommen ſeien, und vor Beendigung des Wahl⸗
3619 2462 5021 2546 geſchäfts ſei ein Reichstag im Sinne der Verfaſſung nicht
3617 2518 5020 2594 vorhanden. Er wiſſe aber, daß man erwidern werde, der
3617 2563 5018 2644 Reichstag ſei mit einer gewiſſen geringeren Zahl ſtimm⸗
3616 2617 5019 2700 fähig. Das ſei aber nur der Fall, wenn der Reichs⸗
3614 2673 5020 2751 tag beiſammen ſei. Der Reichstag ſei die Verſammlung der
3613 2725 5018 2801 von der Verfaſſung feſtgeſetzten Zahl von Abgeordneten, und
3608 2772 5014 2856 ſolange nicht alle Wahlkörper ihr Wahlgeſchäft beendet hätten,
3610 2826 5017 2904 könne von einer Berufung des Reichstages nicht die Rede
3605 2876 5017 2955 ſein und von einer Thätigkeit desſelben noch weniger. Er
3606 2929 5015 3011 glaube deshalb, daß man mit dem Geſchäft nicht weiter gehen
3605 2980 5011 3059 könne, bevor die Stichwahlen beendet ſeien. Indeſſen habe
3604 3038 5007 3114 er zur Zeit einestheils nicht die Abſicht, dieſer Anſchauung
3603 3085 5007 3164 ihre praktiſche Folge zu geben. Es genüge ihm, dies hervor⸗
3601 3139 5003 3218 gehoben zu haben, daß nicht ohne Widerſpruch dieſer Vorgang
3600 3189 5001 3270 ſtattfinde und daß man für die Folge aus einem derartigen
3599 3240 4368 3308 Vorgang nicht Konſequenzen ziehe.
3690 3295 4999 3372 Hierauf erwiderte der Staats⸗Miniſter von Boetticher:
3681 3348 4998 3418 Meine Herren! Der Herr Vorredner hat ſich dahin aus⸗
3594 3391 5001 3465 geſprochen, daß er an die Berufung des Reichstages auf den heutigen
3592 3438 4999 3511 Tag weitere praktiſche Folgen nicht knüpfen will, und das iſt ſehr
3592 3484 4994 3558 klüglich von ihm gehandelt. Denn in der That, ich wüßte auch nicht,
3590 3529 4996 3600 was für prakliſche Folgen ſich daran knüpfen könnten. Wenn aber
3591 3579 4996 3646 aus den Ausführungen des Herrn Vorredners ſich ein gewiſſer Vor⸗
3588 3622 4990 3694 wurf ergab, daß Sr. Majeſtät dem Kaiſer angerathen iſt, den Reichs⸗
3586 3669 4993 3740 tag auf den 3. März vor Feſtſtellung des Wahlergebniſſes in den
3586 3713 4991 3786 Stichwahlen zu berufen, ſo muß ich dieſen Vorwurf allen
3585 3759 4990 3831 Ernſtes auf das Entſchiedenſte zurückweiſen. Ein ſolcher
3583 3806 4986 3878 Vorwurf iſt durchaus unbegründet, und weit entfernt davon,
3583 3852 4986 3924 daß das Vorgehen Sr. Majeſtät des Kaiſers eine abfällige
3581 3898 4984 3969 Kritik herausfordert, ſollte der Reichstag und das deutſche Volk dank⸗
3575 3945 4984 4015 bar dafür ſein, daß die Friſten abgekürzt werden und daß die Mög⸗
3577 3990 4979 4061 lichkeit gegeben iſt, ſchnell und raſch, wie es in der heutigen Eröffnungs⸗
3577 4038 4982 4107 rede geſagt iſt, ſowohl das Geſetz über die Friedenspräſenzſtärke des
3576 4082 4981 4155 Heeres als auch den Reichshaushalts⸗Etat vor dem 1. April d. J.
3574 4128 4980 4204 feſtzuſtellen. Ich nehme dieſen Dank für die Kaiſerliche Regierung in
3573 4175 4978 4243 Anſpruch und werde abwarten, ob und was der Herr Abg. Dr. Windt⸗
3571 4220 4978 4294 horſt gegen das Kaiſerliche Recht, den Reichstag auf den nach
3570 4268 4977 4337 Lage der Dinge angemeſſenen Tag zu berufen, vorzubringen
3570 4316 4977 4384 hat. Der Reichstag iſt gewählt am 21. Februar, das
3567 4358 4972 4428 Wahlergebniß iſt am 24. Februar feſtgeſtellt. Wollten wir warten,
3567 4406 4970 4474 bis die 62 Stichwahlen, die ſich bei dieſem Wahlergebniß als noth⸗
3566 4454 4975 4523 wendig herausgeſtellt haben, auch abſolvirt ſind, ſo würden wir bis
3556 4498 4966 4570 in die Mitte des Monats März gekommen ſein, bevor wir den Reichstag
3552 4540 4971 4617 hätten berufen können. Ich beſtreite, daß eine Nöthigung dazu vorlag;
3550 4590 4969 4655 denn ſobald die Mehrheit der gewählten Vertreter des Reichs hier
3554 4638 4967 4706 verſammelt iſt und der Reichstag ordnungsmäßig von Sr. Majeſtät
3547 4681 4967 4752 dem Kaiſer berufen iſt, hat der Reichstag die Pflicht, an ſeine Ge⸗
3548 4728 3871 4776 ſchäfte zu gehen.
3657 4789 4960 4861 Der Abg. Richter bemerkte: Der Miniſter habe ſich in
3552 4839 4955 4907 einer Weiſe auf Se. Majeſtät den Kaiſer bezogen — er habe
3553 4892 4964 4965 von Vorwürfen geſprochen, die gegen den Kaiſer hier erhoben
3551 4944 4959 5019 würden —, daß er (Redner) nicht umhin könne, ſich dagegen
3551 4997 4959 5068 zu verwahren. Dieſe Art, gleich bei Beginn der Berathungen
3550 5049 4952 5120 den Kaiſer hier in die Diskuſſion zu ziehen, beweiſe nur, daß
3541 5099 4952 5171 die Miniſter ſich in ihrer eigenen Stellung für zu ſchwach
3546 5152 4952 5226 erachteten; daß ſie ihre ſachlichen Gründe für ſo ſchwach
3547 5203 4951 5278 hielten, daß ſie glaubten, durch eine feierliche Berufung auf
3546 5255 4955 5328 den Kaiſer ſich decken zu können. Man könne ja ver⸗
3545 5306 4952 5380 ſchiedene Gründe der Zweckmäßigkeit dafür geltend machen,
3545 5358 4956 5435 daß der Reichstag möglichſt in die Lage komme, den Reichs⸗
3541 5409 4953 5484 haushalts⸗Etat bis zum 1. April feſtzuſtellen; die Mehrheit
3542 5462 4946 5534 könne auch ihrerſeits Gründe der Zweckmäßigkeit anführen,
3542 5514 4952 5589 um die Militärvorlage möglichſt ſchnell fertig zu ſtellen. Es
3540 5564 4948 5639 ſei das aber überhaupt keine Zweckmäßigkeits⸗, ſondern in
3540 5616 4944 5692 erſter Linie eine Rechtsfrage. Dieſer Rechtsfrage müßten ſich
3541 5669 4947 5746 alle Zweckmäßigkeitsrückſichten unterordnen. Die Beſtimmung
3538 5719 4950 5796 der Verfaſſungsurkunde, wonach zu gültigen Beſchlüſſen
3537 5772 4944 5848 die Anweſenheit der Mehrheit erforderlich ſei, ſetze voraus,
3535 5823 4944 5899 daß überhaupt ein Reichstag im Sinne der Verfaſſung vor⸗
3536 5876 4936 5947 handen ſei. Nun ſeien die Ergebniſſe der Stichwahlen bis
3535 5927 4944 6001 heute noch nirgends proklamirt, ein Sechſtel des Reichs habe
3535 5978 4938 6056 in Folge deſſen hier ſeine verfaſſungsmäßige Vertretung noch
3535 6031 4935 6105 nicht gefunden. Er verwahre ſich dagegen, daß hieraus ein
3534 6081 4936 6159 Präzedenzfall für die Zukunft erwachſe, und man ſich in Zu⸗
3534 6135 4936 6208 kunft darauf berufe, daß ein derartig mangelhaft ver⸗
3529 6190 4935 6258 tretener Reichstag gültige Beſchlüſſe faſſen könne.
3529 6239 4945 6311 Er könne ja einräumen, daß eine mala fides hier
3525 6292 4936 6366 in keiner Weiſe vorhanden ſei. Er gebe auch zu, daß
3526 6345 4933 6417 es für die Geſchäfte der Konſtituirung gar nicht ins Gewicht
3526 6397 4931 6470 falle, ob die Stichwahlen ſchon proklamirt ſeien. Thatſächlich
3526 6447 4931 6518 liege danach für die nächſten Geſchäfte kein Grund vor, eine
3525 6498 4932 6573 Verwahrung einzulegen. Er verwahre ſich aber dagegen, daß
3525 6553 4930 6623 aus dem Verfahren ein Präzedenzfall für die Zukunft herge⸗
3525 6599 4932 6672 leitet werde, wo die Verhältniſſe anders liegen könnten, und
3523 6651 4932 6725 behalte ſich vor, wenn hier eine Beſchlußfaſſung über
3519 6703 4932 6778 Gegenſtände in Frage kommen ſollte, wo die Mehrheitsver⸗
5473 573 6879 627 hältniſſe vor oder nach den Stichwahlen ins Gewicht fallen
5471 624 6878 681 könnten, dieſer ſeiner Auffaſſung weiteren Ausdruck zu geben.
5579 676 6875 729 Der Abg. von Helldorff äußerte: die Abgg. Richter und
5473 729 6874 783 Windthorſt hätten ſelbſt zugegeben, daß ein praktiſcher Grund
5471 781 6876 839 gegenwärtig nicht vorliege, Folgerungen an ihre Ausführungen
5472 832 6876 887 zu knüpfen. Er halte ſich aber doch für verpflichtet, auszu⸗
5471 884 6872 941 ſprechen, daß auch das formale Recht zur Berufung des
5474 935 6874 989 Reichstages nicht zweifelhaft ſein könne. Artikel 28 der Ver⸗
5470 988 6876 1043 faſſung ſpreche einfach von einer Mehrheit der gewählten
5472 1038 6873 1093 Abgeordneten. Es frage ſich nun, ob von den 397
5473 1091 6872 1144 Reichstagsabgeordneten, welche nach der Verfaſſung er⸗
5473 1144 6872 1198 forderlich ſeien, die Mehrheit vorhanden ſei. Das
5469 1194 6874 1251 Haus habe ja auch bereits in der Praxis Beſchlüſſe ge⸗
5469 1246 6874 1304 faßt, während immer noch einzelne Mandate erledigt geweſen
5467 1298 6874 1349 und Nachwahlen hätten ſtattfinden müſſen; aber im Vordergrund
5466 1350 6869 1403 der Betrachtung ſtehe einfach die praktiſche Frage. Das Haus
5467 1402 6872 1460 habe Rechte des Reichstages auszuüben, die ſchleunigſt aus⸗
5465 1453 6871 1510 geübt werden müßten im Intereſſe des Reichs, und ſei es der
5466 1505 6870 1558 Nation ſchuldig, nicht einen Tag länger zu ſäumen, als es
5467 1557 6865 1609 unbedingt nothwendig ſei. Irgend eine Benachtheiligung
5464 1609 6869 1662 einer Partei trete entſchieden nicht ein, wenn man die for⸗
5459 1660 6864 1714 malen Geſchäfte des Hauſes vorher erledige, um Zeit zu
5464 1716 5609 1766 ſparen.
5566 1763 6860 1816 Der Abg. von Bennigſen bemerkte: Soweit ihm bekannt,
5467 1816 6869 1868 ſei früher in ähnlicher Weiſe bei der Einberufung des Reichs⸗
5465 1867 6859 1920 tages noch nicht verfahren. Man werde alſo den Abgg. Dr.
5462 1918 6866 1969 Windthorſt und Richter das zugeben können, daß hier ein un⸗
5462 1970 6866 2024 gewöhnliches Verfahren vorliege. Nicht aber könne man
5459 2021 6864 2075 ihnen zugeben, daß dieſes Verfahren in Widerſpruch mit
5459 2072 6859 2126 der Verfaſſung und den Geſetzen ſtehe, und es ſei auch
5457 2126 6858 2179 von keinem der Herren irgend eine verfaſſungsmäßige
5459 2176 6858 2230 oder geſetzliche Beſtimmung angeführt, in Widerſpruch
5457 2228 6861 2282 mit welcher die Berufung erfolgt ſei, nachdem am
5455 2281 6860 2334 21. Februar die Wahlen ſtattgefunden hätten und am
5459 2329 6862 2385 25. Februar in den einzelnen Wahlbezirken das Ergebniß der⸗
5455 2383 6861 2438 ſelben feſtgeſtellt ſei. Man könne alſo nicht weiter gehen, als
5454 2436 6856 2489 daß man anerkenne — und das, glaube er, würden auch wohl
5452 2487 6858 2539 diejenigen Parteien thun, welche die Mehrheit in dieſem
5454 2539 6853 2590 Reichstage bildeten —, daß beſondere Gründe vorliegen
5452 2591 6854 2644 müßten, wenn, abweichend vom bisherigen Verfahren, in An⸗
5454 2643 6857 2697 wendung von Verfaſſung und Geſetz dieſes Mal der Reichs⸗
5456 2694 6853 2749 tag berufen ſei, ehe die Stichwahlen zum Abſchluß ge⸗
5454 2745 6854 2800 kommen. Wer die heutige Thronrede geleſen und die
5453 2797 6853 2852 Verhältniſſe in Deutſchland und Europa in der letzten
5451 2849 6853 2903 Zeit aufmerkſam verfolgt habe, werde anerkennen
5447 2900 6854 2954 müſſen, daß in der allgemeinen Weltlage außerordentliche
5449 2953 6849 3007 Verhältniſſe vorhanden geweſen, die die verbündeten Regierungen
5450 3005 6849 3058 und den Kaiſer zu einem beſchleunigten Vorgehen vollkommen
5450 3055 6850 3110 berechtigt, vielleicht verpflichtet erſcheinen ließen. Und für den
5450 3106 6849 3161 Reichstag komme hinzu, daß auch das Haus Werth darauf
5443 3158 6849 3216 legen müſſe, daß es nicht ohne Noth fünf, ſechs, acht Tage
5443 3212 6844 3266 verliere, um den Etat feſtzuſtellen, der, wenn irgend thunlich,
5444 3261 6848 3315 bis zum letzten März zum Abſchluß gebracht werden müſſe.
5444 3313 6851 3368 Indem er den Wunſch ausſpreche, daß nicht ohne dringende
5447 3364 6846 3420 Veranlaſſung eine ſolche eilige Berufung wieder ſtattfinde,
5445 3416 6843 3473 könne er in dieſem Falle nicht blos das Recht, ſondern auch
5439 3468 6848 3524 die Zweckmäßigkeit des Verfahrens von ſeinem politiſchen
5440 3519 6205 3570 Standtpunkt aus nur anerkennen.
5546 3572 6849 3625 Der Abg. Dr. Windthorſt erklärte, er müſſe ſeinestheils die
5441 3622 6850 3676 Berufung auf Se. Majeſtät den Kaiſer ablehnen. Wenn man
5443 3674 6846 3731 hier debattire, ſo debattire man mit einem verantwortlichen
5441 3726 6846 3780 Miniſter, der ſei der Reichskanzler oder ſein Vertreter. Wenn
5438 3777 6843 3833 das Haus ein ſolches Verfahren einſchlagen wollte, wie
5442 3830 6850 3884 es der Miniſter von Boetticher gethan, dann müßte
5435 3881 6845 3934 es aufhören zu debattiren, denn gegenüber der
5437 3931 6844 3988 geheiligten Perſon Sr. Majeſtät des Kaiſers würde eine freie
5440 3982 6841 4035 Diskuſſion gar nicht ſtattfinden können. Dann meine der
5438 4032 6840 4089 Vorredner, das Haus habe keine Mittel zur praktiſchen Be⸗
5440 4083 6839 4141 thätigung; die habe es wohl. Man könne Anträge ſtellen
5436 4137 6840 4193 und erwarten, was der Reichstag dann beſchließe, und die
5439 4186 6838 4243 Einſetzung eines Termins zur Wahl eines Präſidenten ab⸗
5436 4238 6836 4295 lehnen; man könne aber auch, wenn man an einer Verſamm⸗
5434 4290 6833 4350 lung theilnehmen ſolle, die man nicht vollkommen richtig
5437 4342 6838 4399 konſtituirt finde, hinausgehen und abwarten, ob das Haus
5435 4394 6835 4450 dann beſchlußfähig ſei. Er (Redner) habe ausdrücklich
5437 4446 6836 4501 geſagt, daß er ſeiner Anſchauung gar keine weitere
5434 4497 6833 4556 praktiſche Folge geben werde, ſondern ſehen wolle,
5428 4550 6835 4607 was die Majoritätsparteien thun würden. Da habe
5436 4600 6833 4659 ſich nun bei dieſen Parteien eine merkliche Verſchiedenheit
5428 4652 6835 4710 der Stellungnahme kundgegeben. Der Abg. von Helldorff finde
5428 4704 6821 4762 Alles ganz vortrefflich und in der Ordnung, der Abg
5427 4755 6828 4814 von Bennigſen ſei aber doch der Meinung, daß nur aus ganz
5430 4809 6832 4865 beſonderen Zweckmäßigkeitsgründen die Sache ſo habe geſchehen
5428 4859 6833 4916 können, wie ſie geſchehen. Das ſei der Standpunkt, den der
5427 4911 6828 4969 Nationalliberalismus immer einnehme. Das Geſetz höre auf,
5430 4963 6827 5020 Geſetz zu ſein, wenn es in einem Augenblick nicht zweck⸗
5427 5015 6832 5073 mäßig, nicht politiſch, nicht opportun ſei. Im Vordergrunde
5427 5066 6831 5123 ſtehe die Frage des Rechts, und wenn dieſe verneint werden
5426 5118 6832 5176 müſſe, ſo könnten keine Opportunitätsgründe eintreten. Es
5427 5171 6834 5228 genüge ihm, durch ſeine Bemerkung ſeinen Standpunkt voll⸗
5427 5219 6825 5278 ſtändig gewahrt und die Erklärung der nationalliberalen
5428 5272 6821 5330 Partei extrahirt zu haben, daß nur in außerordentlichen Ver⸗
5428 5322 6588 5384 hältniſſen dieſe Abweichung vom Geſetz zuläſſig ſei.
5535 5374 6831 5436 Der Abg. von Kardorff äußerte: Die Abgg. Richter und
5425 5422 6824 5488 Windthorſt hätten den Staatsſekretär deshalb angegriffen,
5425 5475 6824 5540 weil er die Perſon des Kaiſers in die Debatte gezogen, und
5420 5526 6822 5590 der Abg. Richter habe insbeſondere gemeint, die Miniſter
5426 5575 6824 5643 fühlten ſich ſo ſchwach, das ſie dieſer Deckung bedürften. Er
5424 5628 6824 5695 (Redner) habe die Rede des Miniſters ſehr genau gehört, da
5421 5681 6823 5747 er den Vorzug habe, nicht ſehr entfernt von ihm zu ſitzen.
5419 5730 6820 5800 Derſelbe habe ausdrücklich geſagt, daß Sr. Majeſtät der Rath
5420 5784 6826 5850 gegeben ſei, den Reichstag zu berufen, ſpäter habe er
5421 5837 6824 5902 allerdings die Perſon des Kaiſers genannt. Nach Art. 12 der
5420 5888 6825 5953 Verfaſſung ſtehe es aber dem Kaiſer zu, den Bundesrath und
5414 5939 6824 6006 den Reichstag zu berufen, zu vertagen und zu ſchließen. Die
5418 5991 6823 6056 Vertreter der Bundesregierung hätten nicht nur das
5414 6040 6824 6109 Recht, ſondern auch die Pflicht gehabt, Sr. Majeſtät dieſen
5417 6095 6824 6161 Rath zu geben. Nach Art. 28 der Verfaſſung beſchließe der
5416 6149 6824 6212 Reichstag mit abſoluter Stimmenmehrheit. Wo ſtehe denn
5417 6200 6823 6263 in der Verfaſſung, daß eine ſo und ſo ſtarke Quote
5417 6254 6823 6315 der Reichstagsmitglieder gewählt ſein ſolle, ehe der
5410 6301 6822 6367 Reichstag berufen werden könne? Wo ſtehe denn, daß, wenn
5417 6358 6820 6419 ein Sechſtel noch nicht vertreten ſei, der Reichstag nicht zu⸗
5414 6406 6817 6471 ſammenkommen dürfe? Es müſſe doch irgend eine Grenze
5414 6457 6820 6523 exiſtiren. Man habe ja Fälle genug gehabt, wo z. B. Doppel⸗
5407 6513 6820 6573 mandate vorhanden geweſen und Nachwahlen hätten ſtattſinden
5413 6564 6815 6624 müſſen. Auf wie viele Wahlen komme es denn an? Er ſtehe
5413 6616 6813 6676 auch nicht ganz auf dem Standpunkte des Abg. von Bennigſen.
5408 6664 6815 6727 Derſelbe meine, daß die Herren ein gewiſſes Recht
5413 6716 6819 6778 hätten, ſich gegen ein Präcedenz zu verwahren, und
6941 573 8352 630 die Stichwahlen allerdings nur unter ganz ungewöhn⸗
6944 625 8346 676 lichen Umſtänden überſehen werden könnten. Er
6943 677 8343 734 (Redner) behaupte, der Kaiſer habe jederzeit verfaſſungs⸗
6943 729 8346 785 mäßig das Recht, den Reichstag zu berufen, wenn eine ge⸗
6941 782 8340 837 nügende Anzahl von Mitgliedern gewählt ſei. Der Abg.
6939 832 8344 889 Windthorſt habe nun gemeint, das wäre die erſte Verſchieden⸗
6943 884 8342 938 heit, die ſich zwiſchen den Kartellparteien gezeigt habe. Das
6942 937 8344 991 Haus müſſe ja in Bezug auf die Reden des Abg. Windt⸗
6944 988 8343 1043 horſt ſehr aufmerkſam ſein. Man wiſſe nunmehr, daß er
6939 1040 8344 1094 unfehlbar ſei, noch mehr ſelbſt als der heilige Vater in Rom.
6942 1091 8339 1148 Wenn derſelbe aber der nationalliberalen Partei vorwerfe,
6940 1143 8345 1199 daß ſie nur immer auf einem opportuniſtiſchen Standpunkt
6941 1195 8343 1251 ſtehe, auf welchem Standpunkt befinde er ſich denn dem heili⸗
6937 1248 8342 1304 gen Vater in Rom gegenüber? Wenn es ihm paſſe, dann ja;
6936 1299 8342 1357 wenn nicht, dann nicht. Er (Redner) glaube, die Regierung
6937 1352 8339 1405 Sr. Majeſtät habe in ſchwerer, ernſter Zeit nicht nur das
6936 1403 8342 1457 Recht, ſondern auch die Pflicht gehabt, den Reichstag ſo ſchnell
6938 1456 8335 1509 als möglich zu berufen, und das Haus habe die Pflicht, ſo
6938 1507 7993 1559 ſchnell als möglich dieſem Rufe nachzukommen.
7041 1559 8342 1610 Der Abg. von Bennigſen erklärte, er müſſe in einem
6940 1610 8342 1663 Punkte dem Abg. Windthorſt widerſprechen. Derſelbe habe
6934 1663 8334 1716 gemeint, er (Redner) bezweifle das formelle Recht des Kaiſers,
6937 1715 8333 1769 den Reichstag zu berufen, ehe die Stichwahlen ſämmtlich
6932 1766 8336 1820 vollzogen ſeien, und lediglich aus Zweckmäßigkeitsgründen
6937 1818 8331 1870 glaube er ſich heute über alles Recht hinwegſetzen zu können.
6935 1870 8336 1922 Nein, ſo habe er ſich nicht ausgedrückt. Er habe nur
6938 1922 8338 1976 nebenbei hervorgehoben, daß es dringend wünſchens⸗
6936 1974 8332 2024 werth ſei, nur aus den allerzwingendſten Gründen von
6936 2025 8334 2077 dieſem Rechte einen ſolchen Gebrauch zu machen, wie es
6934 2077 8334 2131 jetzt zum erſten Male geſchehen ſei. Was den opportuniſtiſchen
6933 2129 8333 2182 Standpunkt angehe, den der Abg. Windthorſt ihm vorge⸗
6932 2180 8331 2232 worfen habe, ſo könne er ihm dieſen Vorwurf nur zurück⸗
6932 2232 8327 2286 geben. Denn wenn jener der Meinung ſei, daß Verfaſſung
6931 2284 8329 2338 und Recht hier verletzt würden, dann wäre er verpflichtet,
6933 2335 7700 2389 ſeiner Auffaſſung Folge zu geben.
7030 2388 8330 2441 Der Abg. Dr. Windthorſt ſprach ſich dahin aus, daß das
6928 2438 8328 2493 Recht des Kaiſers, den Reichstag zu berufen, unzweifelhaft ſei,
6927 2491 8333 2545 aber dann müſſe derſelbe vollzählig ſein. Der Reichstag ſei über⸗
6927 2544 8328 2596 haupt nicht exiſtent, ſo lange nicht das Wahlgeſchäft beendigt ſei.
6929 2594 8329 2647 Es ſei die Aufgabe der Majoritätsparteien, dieſer ſeiner An⸗
6930 2646 8327 2701 ſchauung Folge zu verſchaffen; er könne es ſeines Theils nicht,
6924 2698 8329 2753 müſſe ſich alſo der vis major fügen. Ob und welcher Rechts⸗
6926 2750 8329 2804 zuſtand daraus entſtehen könne, ſei eine andere Frage. Er
6922 2802 8297 2857 werde an jeder Verſammlung theilnehmen, ſo lange es gehe.
7024 2854 8331 2906 Der Abg. von Kardorff meinte, nach der Theorie des
6922 2904 8324 2959 Abg. Windthorſt müßte der Reichstag jedes Mal vertagt
6921 2958 8327 3011 werden, wenn einige Mitglieder das Mandat niedergelegt
6922 3008 8325 3063 hätten. Die Majoritätsparteien, insbeſondere ſeine (des
6919 3057 8329 3116 Redners) Partei, werden gern die Verantwortung für das⸗
6921 3112 8108 3165 jenige, was jetzt im Reichstage geſchehe, übernehmen.
7021 3163 8321 3219 Der Abg. Richter erklärte: Verfaſſungsmäßig habe der
6919 3214 8322 3272 Reichskanzler die Verordnungen des Kaiſers gegenzuzeichnen
6920 3267 8322 3323 und übernehme damit die Verantwortlichkeit. Deshalb richte
6921 3318 8320 3374 ſich dieſe ganze Diskuſſion gegen den Reichskanzler und nicht
6921 3371 8321 3427 gegen den Kaiſer. Die Sache wäre nicht ohne Bedeutung,
6921 3422 8325 3477 wennt mala fide verſucht würde, einen Reichstag zuſammen⸗
6917 3472 8324 3531 zurufen, um Beſchlüſſe zu ermöglichen, die nach Vollziehung
6920 3524 8325 3581 der Stichwahlen bei der dann vorhandenen Mehrheit nicht
6918 3576 8324 3632 mehr möglich ſein würden. Daß dieſer Fall jetzt nicht
6918 3628 8327 3681 vorliege, habe er bereits zugegeben. Sollten aber
6918 3679 8326 3737 vor Proklamirung der Stichwahlen hier Beſchluß⸗
6921 3730 8326 3788 faſſungen in Frage ſein, bei denen die verſchiedene Zuſammen⸗
6918 3782 8326 3839 ſetzung des Reichstages vor und nach den Stichwahlen von
6918 3834 8322 3893 Entſcheidung werden könnte, dann würde er dagegen Ver⸗
6917 3887 8321 3944 wahrung einlegen. Auf die allgemeine Weltlage einzugehen,
6917 3936 8321 3993 ſei hier nicht am Platze. Nach der Thronrede ſei die Welt⸗
6913 3988 8318 4047 lage heute ſo, wie am 25. November bei Eröffnung des da⸗
6915 4040 7377 4089 maligen Reichstages.
7011 4092 7672 4144 Damit ſchloß die Diskuſſion.
7002 4143 8321 4203 Ohne Widerſpruch zu finden, beraumte der Alters⸗Präſi⸗
6908 4191 8003 4253 dent die nächſte Sitzung auf Freitag 2 Uhr an.
6911 4394 8314 4455 Literariſche Neuigkeiten und periodiſche Schriften.
7001 4483 8314 4535 Deutſche Kolonialzeitung. Organ des Deutſchen Kolonial⸗
6910 4529 8312 4584 vereins in Berlin. (Verlag des Deutſchen Kolonialvereins, Berlin SW.)
6909 4574 8309 4630 5. Heft (1. März). — Inhalt: Deutſcher Kolonialverein. Zweig⸗
6903 4622 8311 4674 verein München. — Abtheilung Berlin, Vortrag des Hrn. Dr. Groth
6907 4668 8314 4720 am 9. Februar. — Mittheilungen aus dem Auskunftsbureau des
6903 4712 8313 4765 Deutſchen Kolonialvereins. Die Stellung des Deutſchen Kolonial⸗
6904 4759 8316 4811 vereins zu Braſilien und das „Jornal do Commercio“ in Rio de
6905 4804 8316 4858 Janeiro. — Einwanderung in der Provinz Pará (Nord⸗Braſilien). —
6909 4850 8314 4909 Kolonialpolitiſche Vorgänge und geographiſche Erforſchungen. Bei⸗
6908 4897 8315 4952 trittserklärung des Sultans von Zanzibar zu den Beſtimmungen der
6903 4941 8318 4998 Kongoakte. — Die Deutſch⸗Oſtafrikaniſche Plantagengeſellſchaft. —
6902 4988 8315 5044 Das deutſche Geſchwader an der Witu⸗ und Somaliküſte. — Vom
6903 5035 8318 5091 Kriegszug der Abeſſynier. — Der Streit um die Tunghibucht. —
6903 5081 8318 5139 Widerſtand der Zuluhäuptlinge gegen die engliſchen Grenzregulirungen.
6899 5128 8316 5183 — Die Intereſſen Neufundlands. — Vom oberen Kongo. — Exve⸗
6899 5170 8311 5229 dition zur Befreiung Emin Paſchas. — Dr. Emil Holub. — Aus
6900 5221 8311 5276 unſeren Kolonien. † Franz Adolf Eduard Lüderitz. — † Frau von
6900 5265 8311 5321 Schleinitz. — Die Umbildung der Deutſch⸗Oſtafrikniſchen Geſell⸗
6902 5312 8310 5368 ſchaft. — Frankreich und die Intereſſen der Deutſch⸗Oſtafrikaniſchen
6901 5358 8303 5413 Geſellſchaft auf den Komoren. — Berichte über meine Reiſe in Süd-
6900 5403 8306 5458 Braſilien. 5) Im Innern von Rio Grande do Sul. 1. Von
6900 5449 8306 5505 H. Soyaux. — Rekognoszirungsfahrten in der Kamerun⸗Kolonie.
6899 5497 8303 5551 ⅤⅠ. Die Umgebung von Yabaſſi ſowie das ca. 40 km nordöſtlich
6899 5541 8305 5598 hiervon gelegene Land Bekung. — Reiſe in dem portugieſiſchen Weſt⸗
6896 5587 8306 5643 Afrika. ⅠⅠⅠ. Von Moſſamedes bis Humpata und Huilla. Von
6900 5634 8305 5689 A. v. Dewitz. — Gefahren für Anſiedler in den Vereinigten Staaten
6897 5681 8303 5735 von Nord⸗Amerika. Von J. von Parſeval. — Die Lehranſtalt der
6897 5725 8294 5781 Jeſuiten in Sikawei. — Literatur. „Länderkunde der fünf Erdtheile.“
6892 5774 8303 5827 — Redaktionelle Correſpondenz. Aus Auſtralien. — Von der Gold⸗
6895 5817 8299 5873 küſte. — Gottlob Adolf Krauſe's Erforſchungsreiſe. — Aus Nord⸗
6898 5863 8301 5920 Formo a. — Sprechſaal. — Büchertiſch. — Bureau des Deutſchen
6894 5911 7904 5962 Kolonialvereins. — Neuhinzugetretene Mitglieder.
6986 5957 8299 6011 Deutſche Medizinal⸗Zeitung. (Verlag von Eugen Groſſer
6895 6001 8298 6058 in Berlin.) Nr. 17. — Inhalt: Sticker, Magenſonde und Magen⸗
6894 6051 8296 6103 pumpe (Fortſetzung). — Weichſelbaum, Lungen⸗ und Rippenfell⸗
6895 6095 8292 6149 entzündungen. — Guermonprez, Chirurgie am Daumen. — Riedel,
6894 6140 8304 6195 Hallux valgus. — Noſenbach, Hydrops genu intermittens. —
6893 6184 8298 6242 Löwenſtein⸗Jahn, Genu valgum. — Schildbach, Entſtehung der
6893 6230 8296 6286 Skolioſe. — Nebel, Behandlung der Rückgratsverkrümmungen. —
6891 6277 8289 6332 Mendel, Behandlung der Fissura ani. — Klein⸗Korbſch⸗Rothe,
6894 6323 8298 6377 Sublimat gegen Diphtherie. — Zur Aſthmadebatte in der Berliner
6894 6370 8292 6424 mediziniſchen Geſellſchaft. — 2. Kongreß ruſſiſcher Aerzte: ⅠⅠ. Phyſio⸗
6892 6415 8291 6469 logie und allgemeine Pathologie. — Pariſer Briefe. — Standes⸗
6891 6463 8291 6516 angelegenheiten. — Vermiſchtes. — Berichtigung. — Medizinal⸗
6892 6510 8291 6562 geſetzgebung: Desinfektionsvorſchriften für Berlin, Fahrpreis⸗Ermäßi⸗
6891 6557 8214 6605 gungen für freiwillige Krankenpfleger, Diphtherie in Mecklenburg.
6982 6600 8288 6653 Deutſche Medizinal⸗Zeitung. (Eugen Groſſer, Berlin.)
6891 6644 8290 6698 Nr. 18. — Inhalt: Sticker, Magenſonde und Magenpumpe.
6892 6690 8293 6743 (Fortſetzung.) — Maggi, Chloral gegen Eklampſie. — Lomer, Icterus
6891 6739 8288 6790 gravidarum. — Lehfeld, Hydrops u. Albuminurie in der Schwanger⸗
8410 577 9823 629 ſchaft. — Sinclair, Einleitung des Abortus durch manuelle Dilata⸗
8410 626 9819 677 tion. — Euſtache, Retention der Plazenta nach Abort. — Engel, Ge⸗
8411 671 9820 723 burt bei Doppelbildung der Genitalien. — Nathan, Komplikation der
8411 717 9816 771 Geburt mit Tumoren. — Koch, präzipitirte Geburt. — Ziegenſpeck,
8411 764 9816 816 Behandlung der Geſichtslagen. — Gmelin, Querlagen. — Pajot,
8409 810 9817 862 äußere Wendung. — Fehling, Erſatz für den Ritgen'ſchen Handgriff.
8407 856 9817 908 — Leopold, Kaiſerſchnitt. — Bar, Sectio caesarea. — Römer,
8405 902 9818 951 Wochenbettpflege. — Pedley, Geburtshülfe bei den Birmanen. —
8408 948 9819 998 Berliner Verein für innere Medizin: Verſchluß beider Choanen:
8406 994 9818 1046 Nährwerth der Peptonklyſtiere. — Pariſer Akademie der Medizin:
8411 1039 9818 1092 Ernährung des Auges, Area Celſi und Schulbeſuch. — Pariſer Ge⸗
8407 1086 9814 1141 ſellſchaft für Chirurgie: Traumatiſche Verengerung der Harnröhre,
8404 1133 9817 1179 Pes equinus, Harnleiter⸗Scheiden⸗Blaſenfiſtel, Demonſtrationen. —
8405 1177 9818 1232 2. Kongreß ruſſiſcher Aerzte. ⅠⅠⅠ. — Vermiſchtes. — Umſchlag. Per⸗
8408 1225 9136 1272 ſonalien. — Vakanzen. — Anzeigen.
8505 1271 9819 1322 Deutſche Gemeinde⸗Zeitung. (Verlag von P. Stankie⸗
8403 1316 9816 1366 wicz, Berlin SW.) Nr. 9. — Inhalt: Reform der Gemeinde⸗
8406 1360 9818 1418 ſchullaſten. — Einberufung des Deutſchen Reichstages — Förderung
8405 1407 9817 1461 der Hagelverſicherung. — Ermittelungen über epidemiſche Genickſtarre.
8400 1454 9817 1507 — Petition der Volksſchullehrer, betr. die Vergünſtigung bei der
8404 1500 9818 1552 militäriſchen Dienſtzeit. — Petition von Gemeindebeamten aus der
8406 1546 9812 1594 Rheinprovinz und Weſtfalen um Regelung ihrer Reiſekoſten beim
8405 1592 9822 1641 preußiſchen Landtag. — Finanzſtatiſtiſche Angaben über die Arbeiter⸗
8402 1638 9824 1695 Krankenverſicherung. — Die preußiſchen Sparkaſſen im Rechnungs⸗
8404 1684 9817 1736 jahre 1885/86. — Ueberſicht über die Einnahmen und Ausgaben der
8402 1729 9819 1781 höheren Lehranſtalten für das Etatsjahr 1887/88 in Preußen — Ein⸗
8404 1776 9817 1829 nahmen und Ausgaben der Markthallen in Berlin. — Städtiſche
8401 1822 9815 1874 Unterſtützung der Sanitätswachen in Berlin. — Nichterhebung des
8398 1868 9811 1920 Leſegeldes bei den Schülerbibliotheken in Breslau. — Zur Dienſt⸗
8399 1915 9811 1966 botenſteuer in Wien. — Beilagen. Deutſcher Gemeinde⸗Polizei⸗ und
8402 1960 9810 2016 Schulanzeiger Nr. 9. — Archiv für Verwaltungsrecht. — Ortsgeſetze.
8495 2006 9810 2058 Deutſche Forſt⸗Zeitung. Organ für die Intereſſen des
8399 2050 9805 2106 Waldbaues, des Forſtſchutzes und der Forſtbenutzung. (J. Neumann,
8397 2096 9805 2149 Neudamm) Nr. 35. — Inhalt: Ueber die verſchiedenen Wald⸗
8398 2144 9809 2197 bodenarten und ihre Bedeutung für die Forſtkulturgewächſe. Von
8395 2188 9810 2243 C. Thormählen, Oberförſter⸗Kandidat. (Fortſetzung.) — Aus dem
8397 2231 9811 2289 Walde: Welche Holzart eignet ſich am beſten zu der Miſchung mit
8398 2283 9804 2335 der Eiche? — Aus den Verhandlungen des Hauſes der Abgeordneten.
8391 2328 9806 2383 — Verſchiedenes: Schutz der Bäume gegen Beſchädigungen durch
8398 2372 9811 2424 Haſen. (Schluß.) — Aus alter Zeit. — Abg. Schmidt⸗Stettin †. —
8398 2420 9811 2474 Vorleſungen an der Königlichen Landwirthſchaftlichen Hochſchule zu
8395 2467 9806 2518 Berlin. — Aus den Berichten der Handelskammern zu Lübeck und
8396 2513 9807 2567 für den Kreis Mannheim über das Jahr 1886. — Perſonalien. —
8396 2559 8873 2602 Brief⸗ und Fragekaſten.
8494 2605 9803 2657 Deutſche Jäger⸗Zeitung. Organ für Jagd, Fiſcherei,
8396 2650 9802 2702 Zucht und Dreſſur von Jagdhunden. (J. Neumann, Neudamm.)
8395 2697 9800 2746 Nr. 31. — Inhalt: Ueber Kreuzungen des Haushundes mit dem
8400 2742 9802 2791 Wolf, dem Schakal und dem Fuchs. Von Dr. Ernſt Schäff. — Die
8397 2790 9806 2840 mittelalterliche Jagdliteratur Frankreichs. Monographiſche Studie
8396 2835 9801 2885 von Ernſt Ritter von Dombrowski. — Aus Wald und Heide: Cou⸗
8394 2881 9800 2933 pirte Füchſe. Beobachtungen während der Ranzzeit des Fuchſes. Ein
8396 2927 9800 2980 böſer Reiter. Steinadler bei Samoſtrzel in der Provinz Poſen er⸗
8392 2973 9803 3025 legt. Benehmen einer Nebelkrähe auf der Rebhühnerſchütte. — Des
8393 3019 9810 3073 Jägers Plauderſtübchen: Zur Kitzbockgehörnfrage. Antworten auf die
8395 3066 9806 3117 Frage des Hrn. von Dombrowski in Nr. 27 der „Deutſchen Jäger⸗
8393 3112 9806 3164 Zeitung“. — Aus der Jagdtaſche: Junghaſe am 20. Februar. Bal⸗
8389 3158 9803 3210 zender Birkhahn im Februar. Vereinsnachrichten. Luſtige Ecke.
8390 3204 8894 3250 Briefkaſten. — Inſerate.
8489 3250 9802 3303 Preußiſche Jahrbücher. Herausgegeben von H. von
8393 3296 9802 3349 Treitſchke und H. Delbrück. Neunundfünfzigſter Band. Drittes
8390 3341 9805 3394 Heft. März 1887. (Verlag von Georg Reimer.) — Inhalt: Der
8389 3388 9806 3440 ethiſche Evolutionismus Wilhelm Wundt's. (Hugo Sommer.) —
8390 3433 9801 3487 Nationalitäten⸗Fragen in Oeſterreich. — Rückblicke auf die ſtrategiſchen
8389 3478 9796 3533 Verhältniſſe des Krieges von 1877 — 1878. ⅠⅠ. (T. v. T.) — Poli⸗
8393 3524 9800 3578 tiſche Correſpondenz: Die europäiſche und die deutſche Kriſis. —
8388 3572 9738 3625 Kolonial⸗Politik. Oſt⸗Afrika. — Der neue Reichstag. — Notizen.
8488 3618 9802 3672 Blätter für höheres Schulweſen. (Friedrich Weiß
8392 3662 9800 3716 Nachf. [Hugo Söderſtröm] Grünberg i. Schl.) Nr. 3. — Inhalt:
8389 3709 9799 3761 Aly, Die neue Prüfungs⸗Ordnung. — Knauth, Schulreform und
8392 3755 9799 3810 Idealismus. — Dr. Spranck, Nothwehr in der Nothlage. (Schluß.)
8393 3802 9803 3853 — Dr. Steinmeyer, Zur Verſtändigung über die Frage der Einheits⸗
8389 3847 9806 3906 ſchule. (Schluß) — Kleine Mittheilungen. — Bücherſchau: Aly,
8386 3891 9682 3946 Zur Philoſophie, Pädagogik und Schulpolitik. — Verſchiedenes.
8488 3940 9795 3994 Volkswirthſchaftliche Zeitſchrift „Die Sparkaſſe“,
8388 3984 9797 4038 Organ des deutſchen Sparkaſſen⸗Verbandes. (Eſſen.) Nr. 121. — Inhalt:
8387 4031 9796 4085 Centralſtelle. — Der Sparkaſſentag und ſein Verhältniß zum deut⸗
8384 4077 9794 4131 ſchen Sparkaſſen⸗Verband. — Kapitalrentenſteuer. — Der Silber⸗
8383 4124 9793 4181 markt. — Profeſſor Laurent †. — Belleben Schulſparkaſſe. — Gold⸗
8383 4169 9793 4223 und Silberproduktion in 1886. — Hamburgiſche 3 ½ % Anleihe. —
8382 4215 9797 4268 Ruſſiſches Münzweſen. — Falſches Geld. — Zölle und Steuern. —
8382 4262 9799 4316 Berliner Bauordnung. — Verſicherungsweſen: Berliner Feuerſocietäts⸗
8385 4307 9789 4362 Reglement. — Gothaer Lebensverſicherungsbank. — Leipziger Lebens⸗
8383 4354 9798 4408 verſicherungs⸗Geſellſchaft. — Statiſtik der Lebensverſicherungs Geſell⸗
8381 4396 9793 4454 ſchaften. — Kommunal⸗Anleihen. — Juriſtiſches. — Literatur. —
8380 4445 8622 4491 Briefkaſten.
8479 4493 9796 4544 Evangeliſch⸗Lutheriſches Gemeindeblatt für die
8382 4539 9789 4594 gebildeten Glieder der evangeliſchen Kirchen. (Verlag
8379 4584 9791 4639 von F. W. Grunow, Leipzig.) Nr. 11. — Inhalt: An unſere Leſer.
8377 4631 9795 4684 — Der Herr iſt mein Hirte. — Kirchenideale und Kirchenreformen:
8380 4675 9791 4730 3. Peſtalozzi. — Drummond's Werk: Das Naturgeſetz in der Geiſtes⸗
8380 4723 9788 4774 welt. Von einem Mediziner. — Noch einmal Drummond's Werk:
8377 4769 9791 4823 Das Naturgeſetz in der Geiſteswelt. Von einem Theologen. — Die
8378 4816 9790 4868 Märtyrer in Uganda. — Lutherworte. — Verſchiedenes: Eine Stadt
8377 4861 9585 4916 ohne Gott. Ende der Sklaverei in Buchara. — Quittung
8472 4909 9788 4960 Rundſchau auf dem Gebiete der Thiermedizin und
8375 4954 9789 5008 vergleichenden Pathologie unter Berückſichtigung des ge⸗
8381 5000 9787 5054 ſammten Veterinär⸗Medizinalweſens. Gleichzeitig Organ zur Ver⸗
8374 5048 9785 5099 tretung der Intereſſen des thierärztlichen Standes. (A. W Zickſeldt,
8380 5092 9783 5147 Oſterwiek⸗Harz.) Nr. 8. — Inhalt: Lorent: Die Schutzimpfung
8376 5138 9784 5192 bei anſteckenden Krankheiten. — Zürn: Gutachten über das jüdiſch⸗
8374 5186 9781 5235 rituelle Schlachten der Thiere. (Schluß.) — Anatomie und
8377 5230 9781 5281 Phyſiologie: Gaglio: Die Urſprungsſtätten der Milchſäure des
8376 5277 9776 5328 Blutes. — Oppenheimer: Beitrag zur Lehre der Pigmentbildung in
8372 5322 9782 5373 melanotiſchen Geſchwülſten. — Innere Medizin: Cadéae und Malet:
8371 5371 9774 5419 De l'héredité de la morve. — Gegen Diphtherie. — Garmo: Be⸗
8375 5414 9780 5465 handlung der Herniologie. — Arzneimittellehre: Ehrlich: Experimen⸗
8371 5461 9776 5512 telles und Kliniſches über Thallin. — Veterinärwefen. — Fleiſch⸗
8374 5507 9770 5557 beſchau: Ebertz: Ein bisher nicht beobachteter Paraſit des Schafes.
8367 5553 9770 5602 — Mittheilungen aus der Praxis: Anwendung des Cocains bei Euter⸗
8368 5601 9776 5649 entzündungen. — Amtliche Erlaſſe: Periodiſche Mittheilungen über
8367 5646 9772 5697 anſteckende Thierkrankheiten. — Verſchiedene Mittheilungen: Heß:
8368 5691 9767 5740 Reiſeplaudereien. — Tagesgeſchichte. — Perſonalien (Ernennungen).
8368 5736 9773 5788 — Vacanzen (vacante amtliche und private Stellen). — Bücherſchau.
8368 5782 8968 5827 — Briefwechſel. — Anzeigen.
8465 5829 9773 5882 Zeitſchrift für Forſt⸗ und Jagdweſen. Zugleich Organ
8365 5874 9776 5929 für forſtliches Verſuchsweſen. (Berlin, Verlag von Julius Springer,
8365 5920 9776 5975 Monbijouplatz 3.) 2. Heft (Februar). — Inhalt: Abhandlungen:
8366 5967 9778 6019 Vorertragstafeln, Sortimentstafeln und Geſammtertragstafeln für
8363 6013 9774 6066 Kiefern⸗, Fichten⸗ und Buchen⸗Hochwald. Vom Ober⸗Forſtmeiſter
8364 6057 9774 6112 Dr. Danckelmann. — Unterſuchungen über den Lichtungszuwachs im
8366 6102 9775 6159 Buchenwalde. Mitgetheilt vom Ober⸗Landforſtmeiſter Dr. Grebe zu
8364 6148 9778 6204 Eiſenach. — Die Bewegung der Produktenpreiſe in Forſtwirthſchaft
8361 6194 9771 6250 und Landwirthſchaft. Von Dr. Fr. Jentſch, Forſt⸗Aſſeſſor und Lieut
8361 6240 9772 6295 im Reitenden Feldjäger⸗Corps. — Mittheilungen: Ueber den Anbau
8361 6286 9766 6342 der Sumpfeiche (Quercus palustris Willd.) in der Rheinprovinz.
8360 6331 9770 6388 Vom Oberförſter Joly zu Rahm bei Großenbaum, Reg.⸗Bez. Düſſel⸗
8358 6378 9766 6435 dorf. — Forſtzoologiſche Beobachtungen im Sommer 1886. Von
8363 6424 9768 6483 Profeſſor Dr. Altum. 1) Zur Generation des Hylesinus piniperda.
8361 6471 9768 6525 2) Zur Generation Pissodes notatus. 3) Zur Generation des
8361 6517 9766 6572 Pissodes piniphilus. 4) Sesia culiciformis in Erle. 5) Die Ulmen⸗
8359 6562 9763 6617 Gallenlaus. — Statiſtik: Ergebniß der Holzſamen⸗Ernte von den
8362 6609 9762 6664 wichtigſten Holzarten in Preußen im Jahre 1886. Nach amtlichen
8359 6655 9765 6710 Berichten der Staatsforſtreviere von der Hauptſtation des forſtlichen
8360 6700 9760 6756 Verſuchsweſens bearbeitet durch Profeſſor Dr. Schwappach. —
8361 6748 9760 6801 Literatur. — Notizen. Aufruf zur Errichtung eines Denkmals für
1156 1231 1339 1272 Artikel Ⅰ.
766 1270 1806 1332 Die Spurweite der Bahngeleiſe, zwiſchen den inneren
678 1311 1804 1379 Kanten der Schienenköpfe gemeſſen, ſoll bei den nach
667 1360 1806 1425 dem Inkrafttreten dieſer Beſtimmungen neu zu legenden
671 1409 1248 1460 oder umzubauenden Geleiſen
807 1459 1482 1510 auf geraden Strecken nicht unter
669 1495 847 1546 betragen,
802 1549 1798 1611 und in Kurven, einſchließlich der Spurerweiterung,
863 1596 1145 1642 das Maß von
672 1638 1044 1686 nicht überſchreiten.
750 2245 1727 2303 §. 1. Radſtand neu zu erbauender Güterwagen
738 2616 1768 2676 §. 2. Abſtand der Räder einer Achſe, gemeſſen
636 2660 1768 2720 zwiſchen den inneren Flächen der Radreifen oder der die⸗
637 2705 1130 2754 ſelben erſetzenden Theile
731 2753 1769 2815 Die zur Zeit vorhandenen Wagen der franzöſiſchen
636 2797 1762 2860 Staatsbahnen und franzöſiſchen Weſtbahnen, bei welchen
633 2844 1766 2905 der Abſtand der Räder einer Achſe mehr als 1366 mm
630 2889 1764 2953 beträgt, ohne jedoch 1370 mm zu überſchreiten, werden bis
629 2939 1761 2999 zum Ende des Jahres 1893 zum Uebergang auf die
629 2983 1759 3047 Bahnen der betheiligten Staaten unter der Bedingung
625 3030 1758 3092 zugelaſſen, daß die Entfernung von Außenkante zu
625 3074 1757 3137 Außenkante der Spurkränze (§. 5) nicht weniger als
628 3122 1753 3184 1408 mm und nicht mehr als 1422 mm iſt. Es beſteht
626 3168 1756 3234 jedoch keine Verpflichtung, ſolche Wagen in Züge mit
634 3214 1276 3266 Perſonenbeförderung einzuſtellen.
718 3261 1752 3322 §. 3. Breite der Radreifen oder der dieſelben er⸗
627 3306 945 3356 ſetzenden Theile
713 3354 1748 3418 Zuläſſiges Minimum für beſtehendes Material,
617 3398 1746 3465 unter der Bedingung, daß der Abſtand der Räder (§. 2)
621 3448 1204 3497 mindeſtens 1360 mm betrage
1786 2725 1889 2771 1366
1781 3325 1862 3369 150
1765 3470 1862 3506 —
1812 1152 1940 1198 Maxi⸗
1815 1202 1927 1244 mum
1824 1252 1909 1288 mm
1821 1470 1920 1516 —
1814 1610 1921 1657 1465
1799 2264 1897 2300 —
1926 2728 2030 2772 1357
1923 3332 2005 3373 130
1960 1480 2068 1524 1435
1961 1606 2045 1651 —
1126 1697 1346 1742 Artikel ⅠⅠ.
755 1737 1798 1798 Das Rollmaterial der Eiſenbahnen darf, wenn es
662 1783 1797 1846 den folgenden Beſtimmungen entſpricht, aus Gründen
665 1829 1798 1893 ſeiner Bauart von dem internationalen Verkehr nicht
660 1875 1106 1924 ausgeſchloſſen werden.
755 1922 1794 1982 (Die hiernach angegebenen Maximal⸗ und Minimal⸗
659 1968 1794 2030 maße gelten ſowohl für das bereits hergeſtellte als für
656 2015 1790 2078 das neu herzuſtellende Material, unter Vorbehalt jedoch
654 2060 1787 2123 der beſonderen in Klammern beigefügten Maße, welche
654 2104 1787 2167 für dasjenige Material als zuläſſig erklärt werden, das
649 2153 1787 2216 in dem Zeitpunkte, in dem dieſe Beſtimmungen in Kraft
650 2199 1204 2250 treten, ſchon hergeſtellt iſt.)
1938 2265 2043 2309 2500
745 2292 1776 2354 Dieſe Beſtimmung findet keine Anwendung auf
649 2336 1126 2387 bewegliche Untergeſtelle.
744 2384 1778 2444 Die Wagen, welche wegen eines zu großen feſten
644 2425 1773 2491 Radſtandes auf einer Bahnſtrecke nicht verkehren können,
645 2478 1777 2537 werden zurückgewieſen. Die bezüglichen Vorſchriften der
640 2521 1776 2582 Bahnverwaltungen ſind den betheiligen Staaten bekannt
639 2568 827 2616 zu geben.
712 3491 1742 3555 §. 4. Spielraum der Spurkränze, nach der Geſammt⸗
619 3538 1743 3598 verſchiebung der Achſe gemeſſen, bei Annahme einer
617 3583 1138 3630 Spurweite von 1440 mm
708 3631 1741 3690 §. 5. Entfernung von Außenkante zu Außenkante
614 3676 1733 3739 der Spurkränze, gemeſſen 10 mm unterhalb der Lauſ⸗
613 3721 1737 3788 fläche der beiden Radreifen, bei 1500 mm Entfernung
610 3768 893 3817 der Laufkreiſe
698 3816 1729 3879 §. 6. Höhe der Spurkränze bei normaler Stellung
607 3860 1734 3925 der Räder auf geradem, horizontalem Geleiſe, von
611 3905 1312 3962 Schienenoberkante vertikal gemeſſen
695 3953 1727 4016 §. 7. Stärke der Radreifen der Wagenräder, im
611 3994 1467 4057 ſchwächſten Punkte der Lauffläche gemeſſen
698 4046 1723 4108 §. 8. Schalengußräder ſind im internationalen Verkehr
602 4092 1719 4157 unter nicht mit Bremſen verſehenen Güterwagen zuläſſig.
694 4138 1724 4202 Anmerkung: Es beſteht keine Verpflichtung, Wagen
604 4183 1725 4247 mit Schalengußrädern in Züge einzuſtellen, welche mit
598 4229 1724 4292 einer größeren Fahrgeſchwindigkeit als 45 km in der
599 4275 1103 4323 Stunde befördert werden.
694 4323 1717 4385 §. 9. Elaſtiſche Zug⸗ und Stoßapparate müſſen an
594 4365 1660 4430 beiden Stirnſeiten der Wagengeſtelle angebracht ſein.
689 4415 1717 4476 Dieſe Beſtimmung findet keine Anwendung auf Güter⸗
592 4462 1669 4520 wagen, die für ſpezielle Transporte verwendet werden.
683 4508 1715 4572 §. 10. Höhenlage der Buffer bei leeren Wagen,
587 4553 1717 4621 von Schienenoberkante bis zur Mitte der Bufferſcheibe
587 4599 935 4646 vertikal gemeſſen
683 4646 1529 4705 Zuläſſiges Maß für beſtehendes Material
684 4693 1710 4760 Ein Minimum wird für beſtehendes Material nicht
587 4737 768 4784 feſtgeſetzt.
670 4785 1701 4853 §. 11. Höhenlage der Buffer bei größter Belaſtung
580 4830 812 4875 der Wagen
675 4877 1521 4934 Zuläſſiges Maß für beſtehendes Material
667 4922 1702 4988 Anmerkung: Es beſteht keine Verpflichtung, Wagen,
1777 3603 1835 3645 35
1746 3786 1851 3831 1425
1776 3925 1827 3970 36
1761 4026 1848 4056 —
1727 4620 1830 4664 1065
1711 4667 1839 4712 (1070)
1726 4853 1826 4892 —
1729 4903 1826 4937 —
1895 3470 2010 3516 (125)
1926 3606 1979 3651 15
1891 3793 1997 3834 1405
1910 3925 1968 3973 25
1908 4022 1971 4065 20
1871 4624 1974 4666 1020
1882 4672 1957 4709 —
1873 4856 1956 4897 940
1866 4902 1967 4948 (900)
1955 1156 2085 1201 Mini⸗
1962 1205 2073 1247 mum
1979 1252 2066 1292 mm
2183 633 3315 697 bei welchen die Höhenlage der Buffer weniger als 940 mm
2182 682 3273 744 beträgt, in Züge mit Perſonenbeförderung einzuſtellen.
2275 728 3314 790 §. 12. Abſtand der Buffer, von Mitte zu Mitte
2178 774 2837 826 der Scheiben eines Bufferpaares
2264 820 3308 886 Für Fahrzeuge, bei welchen der Abſtand der Buffer
2169 867 3309 931 geringer iſt als 1720 mm, muß der Durchmeſſer der
2167 914 3237 976 Bufferſcheiben (§. 13) mindeſtens 350 mm betragen.
2259 958 3117 1018 Zuläſſige Maße für beſtehendes Material
2259 1004 3060 1063 §. 13. Durchmeſſer der Bufferſcheiben
2259 1049 3112 1108 Zuläſſiges Maß für beſtehendes Material
2262 1098 3299 1160 §. 14. Freier Raum zwiſchen den Bufferſcheiben
2163 1141 3299 1208 und der Kopfſchwelle der Wagen, beziehungsweiſe den
2162 1189 3300 1254 an derſelben vorſpringenden Theilen, bei vollſtändig ein⸗
2164 1236 3299 1299 gedrückten Buffern parallel mit der Längsachſe des
2159 1280 3294 1348 Wagens gemeſſen, zu beiden Seiten des Zughakens,
2163 1327 3294 1393 zwiſchen dieſem und dem Rande der Bufferſcheibe, in
2158 1374 2927 1429 einer minimalen Breite von 400 mm
2257 1420 3291 1488 Für beſtehendes Material wird kein Maß feſtgeſetzt.
2250 1468 3290 1532 §. 15. Vorſprung der Buffer über den Zughaken,
2153 1514 3292 1576 von der Angriffsfläche des nicht angezogenen Zughakens
2155 1558 3290 1623 bis zur Stirn des nicht eingedrückten Buffers, parallel
2153 1604 2744 1656 mit der Wagenachſe gemeſſen
2247 1651 2893 1709 Zuläſſige Maße für beſtehendes
2152 1695 2336 1739 Material
2963 1668 3264 1716 Perſonenwagen
2959 1710 3214 1762 Güterwagen
2239 1744 3285 1808 §. 16. Länge der Kuppelungen, von der Stirnſeite
2145 1789 3284 1856 des Buffers bis zur Innenſeite des Einhängbügels, bei
2146 1839 2870 1891 ganz geſtreckter Kuppelung gemeſſen
2240 1883 3279 1949 Für beſtehendes Material werden keine Maße feſt⸗
2139 1923 2278 1977 geſetzt.
2236 1975 3278 2038 §. 17. Kleiner Durchmeſſer des Querſchnitts der
2140 2019 3275 2086 Kuppelungsbügel (Einhängbügel) am Berührungspunkte
2137 2067 2436 2111 des Zughakens
2224 2114 2879 2170 Zuläſſiges Maß für beſtehendes
2134 2157 2321 2205 Material
2945 2129 3198 2175 Güterwagen
2945 2175 3254 2222 Perſonenwagen
2225 2205 3267 2269 §. 18. Sicherheitskuppelungen. Alle Eiſenbahn⸗
2135 2249 3270 2317 fahrzeuge ſollen an jedem Kopfende mit einer oder zwei
2134 2296 3268 2363 Sicherheitskuppelungsvorrichtungen verſehen ſein, um bei
2130 2344 3269 2412 Brüchen der Hauptkuppelung die Trennung des Zuges
2126 2393 3266 2453 zu verhüten. Die bis jetzt allgemein vorgeſchriebenen
2127 2435 3264 2502 Nothketten können mithin durch eine centrale Sicher⸗
2127 2481 3263 2546 heitskuppelung erſetzt werden. Immerhin ſollen der⸗
2125 2529 3262 2595 artige Vorrichtungen die Verbindung mit Eiſenbahn⸗
2125 2573 3261 2643 fahrzeugen, welche mit Nothketten verſehen ſind, ge⸗
2123 2621 2262 2665 ſtatten.
2219 2669 3258 2732 §. 19. Abſtand der am tiefſten herabhängenden
2118 2713 3257 2778 Theile der nicht angezogenen Kuppelungen über Schienen⸗
2117 2760 3254 2827 oberkante, bei vollbelaſteten Wagen, ſofern die Kuppe⸗
2113 2807 2901 2864 lungen nicht aufgehängt werden können
2210 2854 3254 2922 §. 20. Jeder Perſonen⸗ oder Güterwagen muß mit
2113 2898 2615 2952 Tragfedern verſehen ſein.
2209 2948 3252 3011 §. 21. Die Bremskurbeln müſſen ſo eingerichtet
2111 2991 3250 3057 ſein, daß ſie beim Anziehen der Bremſen nach rechts
2110 3039 3246 3106 (d. h. in gleicher Richtung wie die Zeiger einer Uhr)
2111 3086 2421 3131 gedreht werden.
2204 3133 3247 3196 §. 22. Die Bremſerſitze an den Güterwagen müſſen
2108 3176 3246 3241 ſo konſtruirt ſein, daß, wenn zwei derſelben einander
2107 3226 3242 3292 gegenüberſtehen, die volle Vorderfläche der Bremſerſitze
2106 3271 3077 3331 hinter der eingedrückten Bufferfläche zurückſteht.
2198 3318 3240 3382 Horizontaler Abſtand der Vorderfläche von der
2103 3363 2559 3412 Stirnebene der Buffer
2194 3411 3239 3479 Für beſtehendes Material wird kein Maß feſt⸗
2101 3457 2224 3505 geſetzt.
2194 3503 3238 3570 §. 23. Wagen, welche wegen ihrer Querſchnittmaße
2091 3549 3233 3608 auf einer Bahnſtrecke nicht verkehren können, werden
2097 3596 3232 3659 vom internationalen Verkehr ausgeſchloſſen. Die bezüg⸗
2091 3641 3232 3703 lichen Vorſchriften der Bahnverwaltungen ſind den be⸗
2083 3687 2830 3742 theiligten Staaten bekannt zu geben.
2186 3736 3226 3797 §. 24. Jeder Wagen muß nachſtehende Bezeichnungen
2085 3781 2236 3825 tragen:
2181 3826 2988 3885 1) die Eiſenbahn, zu welcher er gehört;
2177 3875 2722 3927 2) eine Ordnungsnummer;
2177 3921 3226 3981 3) die Tara oder das Eigengewicht des Fahrzeuges
2080 3965 3222 4029 nach der letzten Gewichtsaufnahme, einſchließlich Räder
2079 4012 2332 4059 und Achſen;
2170 4060 3215 4122 4) die Tragfähigkeit oder das Maximal⸗Ladegewicht;
2081 4104 3218 4170 Perſonenwagen ſind von dieſer Beſtimmung ausge⸗
2071 4156 2260 4198 nommen;
2168 4201 3214 4261 5) den Radſtand, wenn derſelbe über 4500 mm
2072 4242 3209 4312 beträgt; dieſe Beſtimmung bezieht ſich blos auf neu zu
2073 4290 2508 4341 erbauendes Material;
2163 4337 3210 4397 6) eine ſpezielle Angabe, im Falle die Achſen radial
2069 4382 2377 4429 verſtellbar ſind.
2166 4430 3209 4491 §. 25. Die Schlöſſer der dem internationalen Verkehr
2066 4474 3204 4536 dienenden Perſonenwagen, inſofern die Thüren dieſer
2064 4521 3206 4588 Wagen überhaupt mittelſt eines Schlüſſels verſchließbar
2066 4566 3202 4630 ſind, ſollen entweder dem einen oder dem anderen der
2065 4612 3206 4676 beiden Schlüſſeltypen entſprechen, welche in beiliegender
2064 4659 3020 4718 Zeichnung des Doppelſchlüſſels dargeſtellt ſind.
3315 979 3447 1027 (1800)
3321 1030 3421 1066 —
3321 1075 3420 1106 —
3334 1396 3397 1433 —
3318 1629 3402 1668 400
3299 1674 3408 1716 (430)
3296 1716 3406 1767 (430)
3313 1858 3393 1899 550
3316 2088 3375 2131 35
3288 2136 3383 2173 —
3286 2183 3381 2218 —
3291 2834 3360 2865 —
3279 3396 3333 3421 —
3316 515 3445 566 Maxi⸗
3330 573 3437 612 mum
3343 621 3427 653 mm
3328 790 3437 841 1760
3416 3386 3485 3433 40
2159 4719 3481 4797 Die vorſtehenden Beſtimmungen treten am 1. April 1887
2056 4773 2267 4829 in Kraft.
2159 4835 2878 4896 Berlin, den 17. Februar 1887.
2545 4898 2986 4955 Der Reichskanzler.
2578 4954 2973 5006 von Bismarck.
3463 523 3587 569 Mini⸗
3470 576 3584 617 mum
3475 626 3564 658 mm
3457 982 3595 1029 (1700)
3478 1032 3552 1068 340
3467 1076 3568 1124 (300)
3463 1400 3545 1442 300
3460 1629 3542 1671 300
3468 1677 3532 1715 —
3448 1721 3553 1772 (223)
3452 1861 3532 1903 450
3458 2094 3520 2133 30
3446 2139 3523 2182 (25)
3444 2182 3521 2230 (22)
3434 2830 3492 2875 75
3471 797 3574 843 1710
