9528 6904
248 407 1620 464 Waldow; Al Hafi — Theodor Brandt. Die decorative Ausſtattung
251 456 1617 509 der Schauplätze, die bei der Eröffnungsvorſtellung des Leſſing⸗Theaters
248 501 1616 554 durch ihren morgenländiſchen Farbenreichthum ſo viel Anerkennung
246 544 1017 592 gefunden hat, iſt unverändert geblieben.
337 589 1618 639 Die erſte Aufführung der neuen Operette „Fürſtin Ninetta“ von
244 630 1616 683 Johann Strauß findet in Wien am 10. d. M. ſtatt. Der Wiener
244 678 1615 726 Aufführung wird die Berliner im Friedrich⸗Wilhelmſtädti⸗
244 720 1035 770 ſchen Theater am 18. d. M. folgen.
333 766 1607 817 Im Kroll'ſchen Theater geht als Gaſtſpiel des franzö⸗
235 807 1606 855 ſiſchen Künſtlerquartetts am Donnerstag „Fhilemon et Baucis“ in
235 853 369 898 Scene.
318 897 1607 947 In dem am Neuen Theater morgen zum erſten Mal in
234 940 1602 994 Scene gehenden Luſtſpiel „Die liebe Familie“ von G. Esmann ſind
230 985 1605 1039 in Hauptrollen beſchäftigt die Damen: Berger, Reichenbach, Wert⸗
230 1028 1610 1080 heim und die Herren: Eisfeld, Haid, Stollberg, Seldeneck, Vorwerk
231 1074 1600 1126 und Worlitzſch. In dem darauf folgenden Labiche'ſchen Luſtſpiel
237 1119 1489 1170 „Kleine Hände“ iſt Herr Meißner mit einer Hauptrolle bedacht.
321 1162 1597 1215 In Concerthauſe hat Fräulein Valentine Marcolini, Schweſter
228 1207 1594 1257 der Primadonna des bei Kroll gaſtirenden franzöſiſchen Opern⸗Enſembles,
226 1251 1592 1300 am Montag durch ihr vorzügliches Violinſpiel den Beſuchern eine an⸗
225 1295 1595 1348 genehme Ueberraſchung bereitet, da der Zettel ihre Mitwirkung ver⸗
220 1341 1596 1391 ſchwiegen hatte.  Fräulein Marcolini wird morgen noch einmal als
226 1385 934 1431 Soliſtin im Concerthauſe auftreten.
579 1487 1222 1537 Preußiſche Klaſſenlotterie.
723 1547 1078 1598 (Ohne Gewähr.)
328 1607 1576 1661 Bei der heute angefangenen Ziehung der 1. Klaſſe
214 1657 1582 1711 188. Königlich preußiſcher Klaſſenlotterie fielen in
211 1707 753 1759 der Vormittags⸗Ziehung:
315 1753 1214 1810 1 Gewinn von 30 000 ℳ auf Nr. 1662.
308 1802 1243 1860 1 Gewinn von 15 000 ℳ auf Nr. 23 394.
309 1853 1206 1910 1 Gewinn von 3000 ℳ auf Nr. 56 092.
310 1905 1379 1963 2 Gewinne von 500 ℳ auf Nr. 30 650. 80 853.
306 1957 1202 2009 1 Gewinn von 300 ℳ auf Nr. 164 475.
683 2071 1076 2123 Mannigfaltiges.
285 2140 1568 2193 Der Stadtverordneten⸗Vorſteher Dr. Stryck hat, wie hieſige
201 2183 1559 2237 Blätter berichten, an die Stadtverordneten⸗Verſammlung ein Schreiben
192 2230 1558 2281 gerichtet, worin er für das ihm als Vorſteher der Verſammlung be⸗
192 2273 1564 2325 wieſene Vertrauen dankt und die Mittheilung macht, daß er unter
192 2319 1557 2370 den obwaltenden Umſtänden ſich nicht in der Lage befinde, falls ſeine
187 2362 1112 2411 Wiederwahl beabſichtigt werde, ſie anzunehmen.
280 2453 1554 2504 Mit reichen Ehren iſt heute Vormittag der Polizei⸗Hauptmann
185 2495 1551 2550 Hoehn auf dem Luiſenſtädtiſchen Kirchhof in der Bergmannſtraße zu
185 2542 1559 2594 Grabe getragen worden. Für das Polizei⸗Präſidium, das einen koſt⸗
182 2586 1549 2639 baren Kranz gewidmet hatte, waren der Polizei⸗Präſident Freiherr
181 2631 1550 2681 von Richthofen und der Ober⸗Regierungs⸗Rath Friedheim erſchienen.
179 2674 1546 2730 Für das Offiziercorps der Schutzmannſchaft, das nahezu vollzählig der
182 2719 1549 2772 Feier beiwohnte, legte Hauptmann Krauſe als Vertreter des er⸗
178 2764 1542 2819 krankten Polizei⸗Oberſten Paris einen Rieſenkranz nieder. Für die
175 2810 1538 2863 Feuerwehr erſchien Branddirector Stude. Die 2. Bezirks⸗Hauptmann⸗
171 2852 1544 2906 ſchaft der Polizei widmete einen prächtigen Kranz, ebenſo die zur
172 2898 1544 2951 Hauptmannſchaft gehörigen Reviere, die Criminalbeamten der 4. Ab⸗
173 2944 1540 2999 theilung und die Nachtwachtbeamten. Das 2. Garde⸗Regiment z. F. war
171 2988 1533 3042 durch den Major Freiherrn von Lüdinghauſen gen. Wolff, den Haupt⸗
1687 423 3048 474 mann von Bauer und eine Abordnung der Avancirten vertreten. An der
1686 465 3040 518 Gruft nahm die Muſik des 2. Bataillons Aufſtellung. Die von Polizei⸗
1684 507 3041 563 Hauptmann Barckow commandirte Trauerparade wurde vom Muſik⸗
1685 558 3048 607 corps der Feuerwehr und 120 Schutzleuten gebildet. Die Gedenkrede
1685 598 3043 653 in der Kapelle hielt der Königliche Hofprediger und Garniſonpfarrer
1679 638 3043 694 D. Frommel. Der Sarg wurde von Schutzleuten getragen. Unter
1676 685 3042 738 den Klängen des Chopin'ſchen Trauermarſches bewegte ſich der Zug
1677 727 3038 783 zur Gruft, wo die Militärkapelle ihn mit Choralmuſik empfing. Den
1677 774 2189 821 Segen ſprach P. Schlegel.
1754 856 3038 916 In der geſtrigen Sitzung des Vereins zur Beförderung
1672 907 3033 959 des Gewerbfleißes widmete Staats⸗Miniſter Dr. Delbrück dem
1668 950 3028 1003 verſtorbenen Ehrenmitgliede Werner von Siemens einen ehrenden
1670 994 3031 1049 Nachruf. Er feierte ihn als einen der hervorragendſten Träger des
1668 1039 3027 1094 deutſchen Gewerbfleißes, der, von Kleinem beginnend und allmählich
1664 1083 3030 1137 fortſchreitend zu immer großartigeren Erfindungen, der Civiliſation
1663 1128 3030 1180 unſchätzbare Dienſte geleiſtet habe. Bald nachdem er vor
1661 1172 3024 1226 22 Jahren Mitglied des Vereins geworden war, betheiligte
1662 1217 3023 1271 er ſich in entſcheidender Weiſe an der damals vorge⸗
1661 1262 3026 1313 nommenen Umgeſtaltung der Satzungen, durch die der Verein erſt in
1656 1306 3019 1359 den Stand geſetzt wurde, ein kräftiges Leben zu entwickeln. Fünfzehn
1653 1348 3018 1402 Jahre hindurch hat Werner von Siemens dann als Mitglied des
1658 1393 3020 1448 Vorſtandes dieſe Entwicklung gefördert und in den Sitzungen un⸗
1656 1438 3017 1493 unterbrochen durch Wort und That die Verhandlungen angeregt und
1650 1482 3012 1534 belebt. Vor acht Jahren wurde er durch Verleihung der Delbrück⸗
1651 1526 3011 1579 Medaille ausgezeichnet, vor Jahr und Tag in die Reihe der Ehren⸗
1652 1571 2130 1616 mitglieder aufgenommen.
1743 1660 3008 1713 Die „Alten Joachimsthaler“ veranſtalten Mittwoch, den
1648 1704 3013 1757 11. Januar, Nachmittags 5 Uhr, in den Feſträumen des Kaiſerhofes
1643 1749 3010 1804 ein Feſteſſen, zu welchem alle früheren Schüler des Joachimsthal'ſchen
1646 1793 3009 1844 Gymnaſiums eingeladen werden. Meldungen zu Theilnehmerkarten
1643 1837 3001 1890 ſind ſofort an Rechtsanwalt Mengel, Berlin W., Potsdamerſtraße 40,
1643 1884 1835 1924 zu ſenden.
1731 1972 2999 2024 Königsberg, 2. Januar. Das Haus Prinzeſſinnenſtraße 3,
1633 2017 2999 2067 worin nach der über der Hausthür befindlichen Inſchrift Immanuel
1631 2061 2992 2113 Kant gewohnt und gelebt hat, ſoll, wie die „Königsb. Allg. Ztg.“
1628 2105 2999 2159 hört, im Frühjahr zum Abbruch kommen, und ein Neubau an ſeine
1633 2149 1891 2197 Stelle treten.
1721 2238 2995 2292 Ortelsburg, 30. Dezember. In Schwertainen verſtarb
1631 2283 2989 2337 nach Mittheilung der „E. Z.“ vorige Woche im Alter von 103 Jahren
1628 2328 2991 2382 die Losfrau S. Sie war bis in ihre letzten Lebensjahre noch recht
1624 2373 2994 2430 rüſtig und hat nie eine Brille gebraucht; auch hat ſie bis in die letzte
1627 2417 2538 2468 Zeit noch leichte körperliche Arbeiten verrichtet.
1712 2508 2981 2560 Heidelberg, 2. Januar. Der verſtorbene Rentner Stein⸗
1620 2553 2984 2606 müller vermachte, wie der „Köln. Z.“ gemeldet wird, der Stadt
1618 2597 2640 2646 Karlsruhe zu gemeinnützigen Zwecken 227 000 ℳ
1703 2685 2981 2740 Bremen, 1. Januar. Ein am 16. Dezember v. J. verſtorbener
1612 2732 2984 2785 Kaufmann G. A. Teichmann hat nach Mittheilung des „Hann.
1612 2776 2977 2830 Cour.“ in ſeinem Teſtament für milde Stiftungen und Zwecke
1611 2821 2978 2874 der Kunſt insgeſammt etwa 150 000 ℳ ausgeſetzt. Unter anderem
1609 2864 2978 2922 ſind 40000 ℳ für einen Monumentalbrunnen auf dem Domhof,
1606 2911 2977 2965 30 000 ℳ für einen Theater⸗Penſionsfonds, für den Theaterorcheſter⸗
1607 2954 2973 3009 Penſionsfonds 10000 ℳ, für den Bürgerpark 10 000 ℳ, für den
1605 3001 2972 3056 Kunſtverein 10000 ℳ, für die verſchiedenen Krankenanſtalten je
3111 425 4491 488 1000 ℳ, für den Verein gegen Mißbrauch geiſtiger Getränke 1000 ℳ
3101 473 3446 514 u. ſ. w. beſtimmt.
3198 556 4482 615 Lübeck, 1. Januar. Heute Morgen 3 Uhr wurden, wie dem
3109 604 4479 663 „Hann. Cour.“ berichtet wird, die erſten drei Kanonenſchüſſe abgegeben,
3105 649 4473 708 die den Bewohnern der Travegegend als Warnung des anſteigenden
3106 692 4475 754 Waſſers dienen. Bald waren die Geſtade überfluthet und das
3105 736 4478 794 Waſſer bis an die Häuſer vorgedrungen, ſodaß von der Holſtenſtraße
3098 780 4479 839 ab, die Obertrave entlang, nur eine blanke Waſſerfläche zu ſehen iſt.
3100 825 4481 884 Der Verkehr mit den Bewohnern dieſer Gegend wird durch Boote
3099 869 4473 930 unterhalten. Auch ein erheblicher Theil der an der Untertrave be⸗
3100 913 4476 971 legenen Straßenzüge ſteht unter Waſſer. Die Quaiſchuppen ſind zum
3098 957 4474 1013 theil geräumt worden, da der Waarenverkehr im Hafen jetzt nur ein
3090 1001 4468 1060 geringer iſt. Das Waſſer iſt bis jetzt, Abends 9 Uhr, noch im Steigen.
3091 1048 4074 1099 Hier herrſcht ſtarkes Schneetreiben und Froſt.
3184 1135 4464 1191 Wien, 3. Januar. Hier ſowohl wie in der Provinz iſt, wie
3096 1179 4463 1235 „H. T. B.“ meldet, ein ſehr ſtarker Schneefall eingetreten, wodurch
3092 1221 4461 1282 vielfache Verkehrsſtörungen hervorgerufen ſind. Faſt alle Bahnzüge
3087 1268 4464 1324 treffen mit großer Verſpätung ein, mehrere ſind vollſtändig ſtecken
3089 1312 4464 1368 geblieben. In Fiume mußten die Dampfer wegen des Schneefalls
3089 1357 3907 1406 und ſtarken Nebels die Fahrten einſtellen.
3173 1445 4456 1499 Brüſſel, 30. Dezember. Der K. Z.“ berichtet man: Vor⸗
3086 1490 4459 1548 geſtern traf eine Abordnung der Stadt Dortmund hier ein, um
3081 1535 4458 1590 dem ſeit vielen Jahren hier anſäſſigen und wegen ſeiner vielen wohl⸗
3080 1579 4451 1635 thätigen Handlungen wiederholt ausgezeichneten Geheimen Commerzien⸗
3081 1622 4457 1676 Rath Duden das Diplom als Ehrenbürger der Stadt Dortmund
3078 1668 4455 1726 zu überreichen. Herr Duden, der einer alteingeſeſſenen Dortmunder
3077 1712 4452 1769 Familie angehört, hat aus der Fremde ſtets an ſeine Vaterſtadt gedacht
3074 1757 4455 1814 und ihr jährlich erhebliche Spenden für ihre Armen zufließen laſſen.
3073 1801 4451 1858 Vor einiger Zeit ſchenkte er der Stadt Dortmund eine Summe von
3074 1843 4448 1903 250 000 ℳ für die Errichtung eines Pflegehauſes für arme Wöchne⸗
3073 1891 4452 1947 rinnen. Zum Dank für dieſe Verdienſte hat die Stadt Dortmund
3074 1935 4044 1988 ihrem Mitbürger das Ehrenbürgerrecht verliehen.
3153 2025 4444 2082 Chicago. Der Hauptactionär der Standard⸗Oelgeſellſchaft,
3066 2068 4446 2126 John Rockefeller, hat, wie der „N. A. Z.“ berichtet wird, der
3068 2113 4441 2171 hieſigen Univerſität wiederum 1 000 000 Doll. geſchenkt. Dieſer Be⸗
3064 2159 4440 2215 trag foll ausſchließlich zu Profeſſorengehältern dienen. Im ganzen
3064 2201 4254 2262 hat Rockefeller jetzt der Univerſität 3 000 000 Doll. gegeben.
302 5061 939 5112 Ueberſicht der Witterung.
143 5117 1137 5169 Die Wetterlage hat ſich im allgemeinen wenig
95 5161 1136 5214 verändert. Ein ungewöhnlich hohes barometriſches
91 5205 1134 5258 Maximum, etwa 794 mm, liegt am Weißen Meere,
92 5251 1135 5301 während jenſeits der Alpen der Luftdruck am
92 5295 1134 5349 niedrigſten iſt. Flache Depreſſionen lagern über
92 5338 1133 5394 Weſtdeutſchland und der Nordſee. Die ſtrenge
92 5388 1131 5437 Kälte dauert über Central⸗Europa fort und hat in
89 5434 1129 5483 den nordweſtlichen Gebietstheilen noch zugenommen.
90 5474 1129 5531 In Deutſchland herrſcht ruhige, trübe Witterung
91 5524 1128 5577 mit gelegentlichen leichten Schneefällen; die Tempe⸗
89 5569 1129 5618 atur liegt an der Küſte 6 bis 12, im Binnenlande
138 5614 1130 5665 bis 17 ½ Grad unter Null, Archangelsk meldet
93 5662 1127 5710 ninus 37 Grad. Zu Haparanda wurde Nordlicht
79 5705 1125 5756 beobachtet. Fortdauer der ſtrengen Kälte wahr⸗
88 5750 259 5797 cheinlich.
590 5791 1075 5850 Deutſche Seewarte.
3192 2369 4307 2430 Nach Schluß der Redaction eingegangene
3605 2435 3880 2486 Depeſchen.
3151 2503 4437 2564 Saarbrücken, 3. Januar. (W. T. B.) Heute ſind in
3054 2552 4434 2615 dem Strikegebiet 6283 Mann angefahren, im ganzen
3055 2601 4433 2661 ſtriken jetzt 23 000 Mann. . Das Schießen mit Revolvern
3053 2654 4384 2715 dauert fort. Ein Mann wurde wegen Aufreizung verhaftet.
3147 2703 4430 2763 Paris, 3. Januar. (W. T. B.) Die „Libre Parole“
3049 2753 4433 2813 will wiſſen, der verſtorbene Oberſt Lichtenſtein vom Militär⸗
3049 2803 4434 2865 ſtaat des Präſidenten der Republik Carnot habe einen
3047 2853 4432 2912 Panama⸗Check über 3000 Frcs. erhalten. Das Blatt er⸗
3042 2904 4429 2960 innert daran, daß der Tod des Oberſten am 24. November
3044 2954 4430 3014 erfolgt ſei, alſo zu einer Zeit, wo der Panama⸗Skandal ſeinen
3044 3005 3582 3057 Anfang genommen habe.
297 5988 905 6060 Theater⸗Anzeigen.
107 6084 1115 6157 Königliche Schauſpiele. Mittwoch: Opern⸗
89 6156 1119 6202 aus. 4. Vorſtellung. Cavalleria rusti-
95 6206 1118 6257 ans (Bauern⸗Ehre). Oper in 1 Aufzug
94 6251 1111 6301 in Pietro Mascagni. Text nach dem gleich⸗
94 6294 1116 6343 amigen Volksſtück von Verga. In Scene geſetzt
94 6339 1113 6386 m Ober⸗Regiſſeur Tetzlaff. Dirigent: Kapell⸗
95 6385 1114 6434 eiſter Dr. Muck. — Die Tochter des Regi⸗
103 6433 1108 6479 ents. Kemiſche Oper in 2 Acten von G. Donizetti.
1238 3191 2266 3242 Text nach dem Franzöſiſchen des St. Georges.
1234 3236 2249 3286 Dirigent: Muſikdirector Wegener. Anfang 7 Uhr.
1279 3281 2269 3332 Schauſpielhaus. 4. Vorſtellung. (Schiller⸗Cyclus.)
1232 3326 2264 3380 Wilhelm Tell. Schauſpiel in 5 Aufzügen vou
1232 3371 2005 3421 Friedrich von Schiller. Anfang 7 Uhr.
1276 3427 2263 3480 Donnerstag: Opernhaus. 5. Vorſtellung. Der
1229 3471 2260 3525 Wildſchütz, oder: Die Stimme der Natur.
1226 3516 2260 3568 Komiſche Oper in 3 Acten, frei nach Auguſt, von
1227 3561 2263 3612 Kotzebue. Muſik von Albert Lortzing. In Scene
1227 3606 2258 3658 geſetzt vom Ober⸗Regiſſeur Tetzlaff. Dirigent:
1224 3652 1992 3703 Kapellmeiſter Sucher. Anfang 7 Uhr.
1271 3706 2253 3759 Schauſpielhaus. 5. Vorſtellung. Der Deputirte.
1223 3752 2254 3801 Schwank in 3 Acten von Max Malden. In Scene
1220 3797 2252 3851 geſetzt vom Ober⸗Regiſſeur Max Grube. Anfang
1220 3840 1345 3885 7 Uhr.
1266 3932 2257 3997 Deutſches Theater. Mittwoch: Fauſt's
1224 3999 1663 4045 Tod. Anfang 7 Uhr.
1267 4043 2021 4094 Donnerstag: Zwei glückliche Tage.
1268 4089 2086 4139 Freitag: Die Stützen der Geſellſchaft.
1261 4179 2250 4244 Berliner Theater. Mittwoch: König
1219 4245 1844 4292 Richard ⅠⅠⅠ. Anfang 7 Uhr.
1261 4289 2069 4341 Donnerstag: Eſther. — Der Geizige.
1262 4335 2247 4386 Freitag: 19. Abonnements⸗Vorſtellung. Hamlet.
1261 4380 2245 4429 Die nächſte Aufführung von „Dora“ findet am
1214 4424 1542 4469 Sonnabend ſtatt.
1255 4518 2244 4581 Leſſing-Theater. Mittwoch: Die große
1208 4578 1729 4629 Glocke. Anfang 7 ½ Uhr.
1254 4627 1957 4675 Donnerstag: Nathan der Weiſe.
1252 4668 1848 4720 Freitag: Die große Glocke.
1246 4764 2245 4831 Wallner-Theater. Mittwoch: Die Orient⸗
1196 4830 1666 4877 reiſe. Anfang 7 ½ Uhr.
1241 4875 1884 4923 Donnerstag: Die Orientreiſe.
1239 4919 1793 4969 Freitag: Die Orientreiſe.
1239 4965 2237 5017 Sonnabend: Zum 1. Male: Der Stolz der
1191 5011 2121 5060 Familie. Poſſe in 3 Acten von Carl Laufs.
1226 5099 2233 5171 Friedrich Wilhelmſtädtiſches Theater.
1528 5168 1888 5214 Chauſſeeſtraße 25.
1229 5211 2234 5261 Mittwoch: Zum 12. Male: Mit neuer Aus⸗
1184 5258 2230 5306 ſtattung. Der Millionenonkel. Operette in 3 Acten
1181 5304 2231 5356 von F. Zell und R. Genée. Muſik von Adolf
1180 5349 2228 5403 Müller jun. In Scene geſetzt von Julius Fritzſche.
1178 5394 2232 5447 Dirigent: Herr Kapellmeiſter Federmann. Anfang
1175 5440 1307 5481 7 Uhr.
1215 5482 2227 5534 Donnerstag und folgende Tage: Der Millionen⸗
1177 5528 1305 5569 onkel.
1222 5574 2226 5626 Mittwoch, 18. Januar: Zum 1. Male: Fürſtin
1175 5620 2220 5670 Ninetta. Operette in 3 Acten. Muſik von Jo⸗
1175 5664 1446 5710 hann Strauß
1221 5757 2220 5822 Reſidenz-Theater. Direction: Sigmund Lauten⸗
1171 5822 2217 5869 burg. Mittwoch: Zum 13. Male: Familie Pont⸗
1171 5867 2216 5919 Biquet. Schwank in 3 Acten von Alexandre Biſſon.
1168 5912 2220 5967 Deutſch von Max Schönau. In Scene geſetzt von
1170 5957 1969 6007 Sigmund Lautenburg. Anfang 7 ½ Uhr.
1210 6005 1986 6050 Donnerstag: Familie Pont⸗Biqnet.
1209 6095 2215 6160 Kroll's Theater. Mittwoch: Gaſtſpiel von
1162 6161 2216 6211 von Frau Moran⸗Olden. Norma. (Norma: Frau
1160 6208 2211 6260 Moran⸗Olden.) Volksthümliche Preiſe. Anfang
1160 6248 1291 6297 7 Uhr.
1201 6293 2212 6343 Donnerstag: Gaſtſpiel von Mlle. Marcolini und
1157 6338 2212 6388 Mrs. Engel, Mayan und Miranda. Philemon
1156 6386 1972 6436 et Baucis. Vorher: Der Schwur.
2353 3205 3338 3265 Victoria⸗Theater. Belle⸗Allianceſtraße 7/8.
2310 3267 3334 3319 Mittwoch: Mit neuer Ausſtattung: Die Reiſe um
2308 3313 3332 3363 die Welt in achtzig Tagen. Großes Aus⸗
2309 3357 3331 3410 ſtattungsſtück mit Ballet in 5 Acten (15 Bildern)
2308 3403 3332 3452 von A. d'Ennery und Jules Verne. Ballet arran⸗
2306 3450 3334 3498 girt vom Balletmeiſter C. Severini. Muſik von
2308 3493 3278 3542 Debillemont und C. A. Raida. Anfang 7 ½ Uhr.
2349 3537 3335 3587 Donnerstag u. folgende Tage: Die Reiſe um die
2304 3582 2830 3631 Welt in achtzig Tagen.
2343 3674 3324 3738 Neues Theater (am Schiffbauerdamm 4/5).
2297 3739 3325 3789 Mittwoch: Zum 11. Male: Der verlorene Sohn.
2298 3784 3321 3834 Schauſpiel in 4 Aufzügen von Felix Philippi. An⸗
2296 3829 2555 3877 fang 7 ½ Uhr.
2336 3875 3329 3923 Donnerstag: Zum 1. Male: Die liebe Familie.
2295 3918 3321 3968 Luſtſpiel in 3 Aufzügen von Esmann. Deutſch von
2297 3963 3320 4014 Emil Jonas. Hierauf: Kleine Hände. Luſtſpiel
2298 4009 3322 4057 in 3 Aufzügen von Labiche. Deutſch von Franz von
2297 4053 2506 4096 Schönthan.
2339 4155 3324 4215 Theater Unter den Linden. Mittwoch:
2294 4221 3325 4270 Das Baby. Schwank in 1 Act von H. F. Muſik
2294 4265 3316 4315 von A. Ferron. Couplets von A. Braun. Inſcenirt
2294 4310 3315 4359 durch den Ober⸗Regiſſeur C. A. Frieſe sen. Novität!
2292 4356 3318 4406 Die Sirenen⸗Inſel. Novität! Phantaſtiſches
2292 4400 3315 4449 Ballet in 1 Act von H. Regel. Muſik von
2291 4445 3317 4496 R. Mader. Der choreogr. Theil von Joſ. Haßreiter.
2289 4490 3312 4544 Inſcenirt durch den Balletmeiſter Herrn L. Gundlach.
2289 4535 3314 4584 Repertoireſtück der Wiener Hofoper. — Mr. Imro
2288 4580 3310 4630 Fox, amerikaniſcher Preſtidigitateur, mit ganz neuen
2287 4630 2915 4673 Experimenten. Aufang 7 ½ Uhr.
2326 4717 3314 4782 Adolph Ernſt⸗Theater. Mittwoch: Zum
2283 4783 3310 4833 11. Male: Modernes Babylon. Geſangspoſſe in
2282 4828 3309 4880 3 Acten von Ed. Jacobſon und W. Mannſtädt.
2281 4873 3309 4922 Couplets theilweiſe von G. Görß. Muſik von
2282 4918 3310 4968 G. Steffens. In Scene geſetzt von Adolph Ernſt.
2282 4963 2594 5010 Anfang 7 ½ Uhr.
2323 5009 3010 5056 Donnerstag: Dieſelbe Vorſtellung.
2323 5101 3311 5165 Thomas⸗Theater. Alte Jakobſtraße Nr. 30.
2277 5165 3307 5214 Enſemble⸗Gaſtſpiel der Münchener unter Di⸗
2275 5212 3309 5260 rection des Königlich Bayeriſchen Hofſchauſpielers
2277 5257 3309 5303 Max Hoſpauer. Mittwoch: Zum 3. Male: Der
2274 5303 3304 5350 Protzenbauer von Tegernſee. Bauernpoſſe mit
2273 5349 3308 5394 Geſang in 4 Aufzügen von Hartl⸗Mitius. Muſik
2273 5391 3002 5440 von Herm. Müller. Anfang 7 ½ Uhr.
2316 5436 2992 5484 Donnerstag: Dieſelbe Vorſtellung.
2312 5550 3300 5610 Uraniu, Anſtalt für volksthümliche Naturkunde.
2269 5615 3297 5664 Am Landes⸗Ausſtellungs⸗Park (Lehrter Bahnhof).
2267 5662 2785 5706 Geöffnet von 12 — 11 Uhr.
2629 5774 2936 5837 Concerte.
2307 5854 3296 5918 Sing-Akademie. Mittwoch, Anfang 8 Uhr:
2264 5920 2966 5966 ⅠⅠ. Concert von Lydia Müller.
2306 6012 3292 6076 Contert-Haus, Leipzigerſtraße 48. Mittwoch:
2259 6076 3290 6127 Karl Meyder⸗Concert unter gütiger Mitwirkung
2261 6121 3296 6171 der Violin⸗Virtuoſin Mlle. Valentine Marcolini.
2261 6166 2558 6213 Anfang 7 Uhr.
2304 6210 3286 6263 Ouv. „Beatrice“ von Bernard. „Leonore ⅠⅠ.“
2259 6256 3294 6304 von Beethoven. „Marco Spada“ von Auber. „Un
2257 6303 3287 6351 doux poëme“, Walzer von Waldteufel. „Réverie“,
2258 6347 3291 6395 für die Violine von Vieuxtemps, vorgetragen von
2256 6390 2800 6437 Mlle. Valentine Marcolini.
3426 3212 4419 3276 Zaal Bechſtein, Linkſtraße 42. Mittwoch,
3381 3277 4424 3330 Anfang 7 ½ Uhr: Concert von Fanny Opfer
3382 3322 4296 3373 (Geſang) und Prof. Herm. Genß (Klavier).
3409 3481 4419 3542 Circus Renz (Carlſtraße.) Mittwoch, Anfang
3378 3545 4415 3598 7 ¼ Uhr: Große Extra⸗Vorſtellung. Erſtes Auf⸗
3375 3592 4418 3640 treten der Schulreiterin Mlle. Mertens mit dem
3374 3635 4421 3687 Schulpferde „Ben Azed“. — Debut des Lufttrios
3374 3679 4412 3731 Geſchwiſter Reisley. — Mr. James Fillis mit dem
3373 3724 4412 3775 Schulpferde „Germinal“. — 4 Fahnenpferde, vor⸗
3372 3769 4410 3821 geführt vom Director Franz Renz. — Auftreten
3372 3814 4424 3867 ſämmtlicher Künſtlerſpecialitäten erſten Ranges. —
3367 3859 4410 3908 Zum Schluß: ☛ Auf Helgoland ☚ oder:
3367 3903 4411 3955 Ebbe und Fluth. Großes Land⸗, Waſſer⸗ und
3367 3948 4405 3997 Feuer⸗Schauſpiel. Nationaltänze von 82 Damen.
3368 3991 4410 4048 Neue Einlagen, u. a.: „Aufzug der Leib⸗Garde⸗
3364 4034 3579 4082 Artillerie“.
3411 4083 4408 4136 Donnerstag, Abends 7 ¼ Uhr: Große Vorſtellung
3368 4128 4264 4178 mit neuem Programm und „Auf Helgoland“.
3361 4409 4402 4460 Verlobt: Freiin Cecilie von Maltzahn mit Hrn.
3401 4454 4411 4505 Lieut. Auguſt Graf Behr⸗Negendank (Ivenack). —
3401 4499 4400 4551 Freiin Ottonie Knigge mit Hrn. Lieut. Maximilian
3404 4543 4409 4595 Frhrn. von Stoltzenberg (Beyenrode — Hannover).
3391 4590 4402 4639 — Frl. Antonie Deutſch mit Hrn. Profeſſor
3403 4634 4401 4685 Franz Schulz (Zehlendorf — Berlin). — Frl.
3401 4679 4398 4728 Editha von Dieskau mit Hrn. Regierungs⸗
3398 4723 4402 4777 Referendar Waldemar von Wuſſow (Rettershof
3396 4768 4042 4821 bei Eppſtein i. T. — Wiesbaden).
3355 4813 4396 4864 Verehelicht: Hr. Amtmann Alfred von Unger
3395 4858 4394 4911 mit Frl. Marie von Kettler (Kloſter Nibnitz). —
3396 4903 4395 4954 Hr. Oberſt⸗Lieut. z. D. Albert von Römer mit
3402 4947 4174 4997 Frl. Helene von Morgenſtern (Leipzig).
3354 4991 4393 5043 Geboren: Ein Sohn: Hrn. Friedrich von
3400 5038 4388 5088 Woedtke (Bolkow). — Hrn. Prem.⸗Lieut. Arnold
3401 5082 4389 5133 Schlüter (Hannover.). — Eine Tochter: Hrn.
3404 5126 4003 5177 Profeſſor Dr. Rinne (Berlin).
3353 5172 4389 5224 Geſtorben: Hr. Oberſt a. D. Hans Peter Deme⸗
3394 5217 4392 5268 trius von Arnim (Berlin). — Hr. Banquier
3399 5262 4388 5312 Wilhelm von Krauſe (Berlin). — Hr. Steuer⸗
3391 5307 4387 5357 Rath Auguſt Neukranz (Poſen). — Hr. Ritter⸗
3391 5353 4386 5403 gutsbeſitzer Julius Kurtius (Altjahn). — Verw.
3396 5397 4386 5448 Fr. Superintendent Eleonore Mila, geb. Meinhof
3395 5441 4387 5495 (Schönfließ Nm.). — Freifrau von Platner, geb.
3389 5489 4386 5539 von Noſtitz und Jänckendorf (Rom). — Hr. Major
3389 5533 4386 5585 Rudolf Julius Otto Werckmeiſter (Inſterburg).
3383 5580 4389 5628 — Fr. Paſtor Ulrike Bieſendahl, geb. Arndt
3392 5623 4386 5672 (Anklam). — Hr. Major a. D. Hugo von Graeve
3391 5669 4386 5719 (Warmbrunn i. Schl.). — Hr. Lootſen⸗Comman⸗
3387 5714 4349 5763 deur Friedrich Wilhelm Müller (Swinemünde):
3477 5881 4230 5934 Redacteur: Dr. H. Klee, Director.
3342 5941 3533 5989 Berlin:
3529 5997 4185 6048 Verlag der Expedition (Scholz).
3342 6058 4355 6108 Druck der Norddeutſchen Buchdruckerei und Verlags
3410 6101 4299 6152 Anſtalt, Berlin SW., Wilhelmſtraße Nr. 32
3647 6171 4047 6237 Sechs Beilagen
3554 6248 4156 6298 (einſchließlich Börſen⸗Beilage),
3335 6304 4376 6354 ſowie die Inhaltsangabe zu Nr. 6 des öffent⸗
3331 6350 4378 6400 lichen Anzeigers (Commanditgeſellſchaften
3334 6394 4379 6444 auf Actien und Actiengeſellſchaften) für die
3358 6439 4354 6491 Woche vom 27. bis 31. Dezember 1892.
6534 453 7650 576 Erſte Beilage
5240 581 8978 781 zum Deutſchen Reichs⸗Anzeiger und Königlich Preußiſchen Staats⸗Anzeiger.
4991 741 5274 820 No. 2.
3531 4301 4240 4381 Familien⸗Nachrichten.
6580 758 7616 849 Berlin, Dienstag, den 3. Januar
8904 803 9196 881 1893.
5030 883 5513 933 1. Unterſuchungs⸗Sachen.
5029 928 5724 977 2. Aufgebote, Zuſtellungen u. dergl.
5026 970 5928 1024 3. Unfall⸗ und Invaliditäts⸗ ꝛc. Verſicherung.
5028 1015 5932 1067 4. Verkäufe, Verpachtungen, Verdingungen ꝛc.
5031 1061 5774 1111 5. Verlooſung ꝛc. von Werthpapieren.
6287 932 7887 1108 Oeffentlicher Anzeiger.
8030 922 9147 997 6. Kommandit⸗Geſellſchaften auf Aktien u. Aktien⸗Geſellſch.
8029 970 8950 1037 7. Erwerbs⸗ und Wirthſchafts⸗Genoſſenſchaften.
8023 1010 8826 1072 8. Niederlaſſung ꝛc. von Rechtsanwälten.
8025 1057 8381 1104 9. Bank⸗Ausweiſe.
8003 1102 8705 1160 10. Verſchiedene Bekanntmachungen.
5059 1162 5925 1251 1) Unterſuchungs⸗Sachen.
4976 1270 5121 1318 [58707]
5375 1267 5600 1318 Steckbrief.
5026 1315 5998 1364 Gegen den Commis Guſtav Emil Pfenniger
4973 1358 5994 1405 aus Sebnitz i. Sachſen, am 28. Dezember 1869 in
4972 1402 6002 1449 Ulbersdorf geboren, welcher flüchtig iſt, ſoll eine
4970 1446 5994 1494 durch vollſtreckbares Urtheil der Strafkammer bei
4970 1490 5994 1538 dem Königlichen Amtsgerichte zu Küſtrin vom 1. De⸗
4971 1534 5991 1584 zember 1892 erkannte Gefängnißſtrafe von 6 Wochen
4968 1577 5989 1631 und 1 Tag vollſtreckt werden. Es wird erſucht,
4968 1622 5991 1674 denſelben zu verhaften und in das nächſte Gerichts⸗
4967 1665 5988 1718 gefängniß, unter Nachricht davon hierher, abzuliefern.
4959 1711 5356 1754 — M. 2 54/92. —
5009 1755 5916 1800 Landsberg a. W., den 23. Dezember 1892.
5179 1799 5769 1849 Königliche Staatsanwaltſchaft.
4956 1886 5102 1931 [57937]
5205 1887 5731 1938 Steckbriefs⸗Erledigung.
5005 1930 5980 1983 Der unterm 10. Mai 1892 hinter den Maler
4952 1974 5984 2034 Hermann Freitag in den Acten J. 182/92 erlaſſene
4953 2017 5377 2066 Steckbrief iſt erledigt.
5004 2064 5714 2111 Potsdam, den 24. Dezember 1892.
5166 2109 5760 2160 Königliche Staatsanwaltſchaft.
4949 2196 5092 2241 [58711]
5151 2198 5774 2250 K. Amtsgericht Reutlingen.
4992 2242 5974 2290 Zurückgenommen wird der unterm 16. November
4943 2287 5973 2342 1892 gegen den Maurer Joſef Pfeifer von Stilfs
4941 2328 5868 2382 in Tirol wegen Diebſtahls erlaſſene Steckbrief.
4992 2374 5485 2421 Den 29. Dezember 1892.
5216 2422 5695 2469 Amtsrichter: Meyerle.
4938 2507 5083 2552 [58710]
5355 2514 5540 2559 Ladung.
4986 2553 5968 2606 1) Moosbrugger, Emil, 25 J. alt, Friſeur aus
4933 2595 5434 2646 Reuthe, zuletzt in Dieuze,
4984 2642 5969 2693 2) Ancé, Leon Julius, 29 J. alt, Ackerer aus
4932 2685 5557 2736 Gebesdorf, wo zuletzt wohnhaft,
4977 2731 5961 2785 werden beſchuldigt, als beurlaubte Reſerviſten ohne
4932 2774 5961 2831 Erlaubniß ausgewandert zu ſein, Uebertretung gegen
4930 2819 5957 2873 § 360 Nr. 3 des Strafgeſetzbuchs. Dieſelben werden
4926 2866 5956 2921 auf den 21. Februar 1893, Vormittags
4924 2909 5958 2963 9 Uhr M. E. Z., vor das Kaiſerliche Schöffen⸗
4929 2953 5961 3006 gericht Dieuze zur Hauptverhandlung geladen. Bei
4923 2997 5953 3054 unentſchuldigtem Ausbleiben werden dieſelben auf
4921 3041 5949 3098 Grund der nach § 472 der Strafprozeßordnung von
4915 3086 5947 3142 dem Kaiſerlichen Bezirkscommando zu Forbach aus⸗
4919 3129 5688 3180 geſtellten Erklärung verurtheilt werden.
4968 3175 5626 3224 Dieuze, den 26. Dezember 1892.
5139 3221 5721 3267 Der Kaiſerliche Amtsanwalt:
5275 3268 5583 3312 (gez.) Stecher.
4913 3305 5940 3361 Beglaubigt: Der Gerichtsſchreiber: (L. S.) Arnold.
4912 3396 5060 3442 [58706]
5327 3402 5534 3447 Beſchluß.
4947 3440 5939 3503 Auf Antrag der Königlichen Staatsanwaltſchaft
4905 3487 5130 3531 wird gegen:
4936 3532 5938 3588 1) Valentin Gierok, geboren am 14. Februar
5000 3577 5936 3631 1869 zu Niewodnik, deſſen letzter bekannter
4995 3621 5931 3680 Wohnſitz im Deutſchen Reich Niewodnik war,
4993 3667 5703 3717 gegenwärtiger Aufenthalt unbekannt,
4927 3707 5933 3767 2) Joſeph Gaida, geboren am 11. November
4987 3755 5930 3807 1869 zu Niewodnik, deſſen letzter bekannter
4990 3797 5926 3858 Wohnſitz im Deutſchen Reich Niewodnik war,
4986 3844 5566 3895 jetzt unbekannten Aufenthalts,
4921 3887 5924 3946 3) Anton Dubiel, geboren am 8. Juni 1869 zu
4985 3930 5923 3990 Norok, deſſen letzter bekannter Wohnſitz im
4983 3972 5925 4037 Deutſchen Reich Norok war, gegenwärtiger Auf⸗
4980 4021 5336 4069 enthalt unbekannt,
4916 4065 5926 4122 4) Paul Joſeph Scholz, geboren am 25. Januar
4979 4109 5922 4171 1869 zu Rauske, deſſen letzter bekannter Wohnſitz
4982 4154 5920 4214 im Deutſchen Reich Rauske war, jetzt unbekann⸗
4978 4200 5291 4249 ten Aufenthalts,
4883 4242 5919 4306 welche hinreichend verdächtig erſcheinen: als Wehr⸗
4881 4287 5916 4348 pflichtige in der Abſicht, ſich dem Eintritt in den
4882 4330 5914 4393 Dienſt des ſtehenden Heeres oder der Flotte zu ent⸗
4879 4375 5908 4440 ziehen, ohne Erlaubniß das Bundesgebiet verlaſſen
4877 4421 5908 4486 und nach erreichtem militärpflichtigen Alter ſich
4877 4466 5905 4526 außerhalb des Bundesgebiets aufgehalten zu haben.
4920 4508 5608 4561 Vergehen gegen § 140 Str.⸗G.⸗B.
4964 4556 5910 4618 das Hauptverfahren vor der Strafkammer des
4961 4599 5807 4659 Königlichen Landgerichts hierſelbſt eröffnet.
4919 4640 5903 4705 Zugleich wird das im Deutſchen Reich befindliche
4872 4683 5905 4749 Vermögen der Angeſchuldigten in Höhe von je 300 ℳ
4869 4730 5900 4796 mit Beſchlag belegt. Die Veröffentlichung dieſes
4868 4772 5904 4838 Beſchluſſes durch andere Blätter als den Deutſchen
4868 4817 5899 4883 Reichs⸗Anzeiger wird nicht angeordnet. — M. 111/92.
4915 4860 5550 4916 Brieg, den 15. Dezember 1892.
5007 4910 5754 4973 Königliches Landgericht. Strafkammer.
4868 4995 5013 5040 [58709]
4983 5041 5786 5100 K. Württ. Staatsanwaltſchaft Ulm.
4906 5085 5886 5149 Durch Beſchluß der Strafkammer 1. des K. Land⸗
4860 5128 5891 5195 gerichts Ulm vom 30. Dezember 1892 iſt das im
4862 5173 5891 5240 Deutſchen Reiche befindliche Vermögen des am
4858 5217 5884 5287 14. April 1861 zu Oberdiſchingen, O.⸗A. Ehingen,
4858 5263 5885 5330 geborenen, zuletzt in Bihlafingen, O.⸗A. Laupheim,
4861 5307 5885 5372 wohnhaft geweſenen Rudolf Rothermel, welcher
4854 5355 5883 5418 von der erſten Strafkammer des K. Landgerichts hier
4853 5401 5878 5462 am 12. Dezember 1885 wegen Verletzung der Wehr⸗
4853 5443 5879 5509 pflicht zu der Geldſtrafe von 500 ℳ, woran noch
4848 5487 5881 5550 364 ℳ 58 ₰ im Rückſtande ſind, und zur Tragung
4846 5535 5881 5596 von 1/13 der Koſten des Verfahrens verurtheilt
4847 5575 5874 5641 worden iſt, auf Grund des § 140 letzter Abſatz des
4847 5620 5877 5689 St. G. B. und des § 326 der St. P. O. in Höhe
4845 5670 5655 5722 von 400 ℳ mit Beſchlag belegt worden.
4888 5711 5381 5762 Den 30. Dezember 1892.
5081 5761 5630 5814 Staatsanwalt (Unterſchrift).
4844 5862 4987 5911 [58708]
4953 5907 5763 5971 K. Württ. Staatsanwaltſchaft Ulm.
4883 5952 5870 6014 Durch Beſchluß der Ⅰ. Strafkammer des K. Land⸗
4838 5996 5872 6063 gerichts Ulm vom 30. Dezember 1892 iſt in Ge⸗
4839 6042 5864 6108 mäßheit des § 140 letzt. Abſatz des Str.⸗G.⸗B. u.
4832 6086 5869 6157 des § 326 der Str.⸗P.⸗O. das im Deutſchen Reich
4832 6130 5863 6201 befindliche Vermögen des am 12. Januar 1867 zu
4833 6175 5862 6244 Laupheim geborenen Kaufmanns Hirſch Hermann
4831 6221 5861 6288 Gerſtle, welcher durch Urtheil des genannten Ge⸗
4832 6266 5861 6337 richts vom 25. September 1889 wegen Verletzung
4827 6311 5859 6378 der Wehrpflicht zu der Geldſtrafe von 700 ℳ und
4821 6357 5855 6424 zur Tragung von ⅛ der Koſten des Verfahrens ver⸗
6048 1165 7071 1221 urtheilt worden iſt, in Höhe von 750 ℳ mit Be⸗
6049 1209 6448 1258 ſchlag belegt worden.
6086 1255 6578 1302 Den 30. Dezember 1892.
6273 1301 6840 1355 H.-Staatsanwalt: Boſcher.
6085 1454 7020 1560 2) Aufgebote, Zuſtellungen
6347 1548 6729 1641 und dergl.
6038 1653 6185 1701 [58890]
6301 1657 6796 1708 Zwangsverſteigerung.
6082 1698 7054 1752 Im Wege der Zwangsvollſtreckung ſoll das im
6035 1742 7054 1797 Grundbuche von der Königſtadt Band 35 Nr. 355 C.
6031 1787 7052 1842 auf den Namen des Schankwirths Ludwig Brämer
6031 1831 7053 1889 eingetragene, in der Auguſtſtraße Nr. 50 a. belegene
6029 1875 7051 1931 Grundſtück am 18. März 1893, Vor⸗
6031 1919 7047 1977 mittags 10 ½ Uhr, vor dem unterzeichneten
6031 1965 7043 2022 Gericht, an Gerichtsſtelle, Neue Friedrichſtr. 13, Hof,
6026 2006 7046 2064 Flügel C., parterre, Saal 40, verſteigert werden.
6025 2053 7044 2110 Das Grundſtück iſt mit 6950 ℳ Nutzungswerth zur
6026 2097 7040 2153 Gebäudeſteuer veranlagt. Auszug aus der Steuer⸗
6023 2142 7039 2199 rolle, beglaubigte Abſchrift des Grundbuchblatts,
6024 2188 7040 2241 etwaige Abſchätzungen und andere das Grund⸗
6021 2230 7041 2288 ſtück betreffende Nachweiſungen, ſowie beſondere
6019 2275 7036 2333 Kaufbedingungen können in der Gerichtsſchreiberei
6017 2320 7034 2376 ebenda, Zimmer 41, eingeſehen werden. Alle
6022 2364 7034 2420 Realberechtigten werden aufgefordert, die nicht von
6020 2409 7031 2471 ſelbſt auf den Erſteher übergehenden Anſprüche,
6017 2455 7032 2510 deren Vorhandenſein oder Betrag aus dem Grund⸗
6016 2497 7030 2557 buche zur Zeit der Eintragung des Verſteigerungs⸗
6016 2545 7029 2600 vermerks nicht hervorging, insbeſondere derartige
6010 2586 7026 2645 Forderungen von Kapital, Zinſen, wiederkehrenden
6011 2631 7028 2691 Hebungen oder Koſten, ſpäteſtens im Verſteigerungs⸗
6009 2678 7023 2734 termin vor der Aufforderung zur Abgabe von Ge⸗
6009 2720 7025 2783 boten anzumelden und, falls der betreibende Gläubiger
6007 2766 7020 2827 widerſpricht, dem Gerichte glaubhaft zu machen,
6006 2810 7021 2869 widrigenfalls dieſelben bei Feſtſtellung des geringſten
6006 2854 7018 2912 Gebots nicht berückſichtigt werden und bei Verthei⸗
6005 2899 7015 2960 lung des Kaufgeldes gegen die berückſichtigten An⸗
6000 2942 7023 3005 ſprüche im Range zurücktreten. Diejenigen, welche
6000 2987 7014 3047 das Eigenthum des Grundſtücks beanſpruchen, werden
6001 3034 7014 3089 aufgefordert, vor Schluß des Verſteigerungstermins
6001 3078 7013 3137 die Einſtellung des Verfahrens herbeizuführen,
6001 3123 7012 3184 widrigenfalls nach erfolgtem Zuſchlag das Kaufgeld
5997 3166 7010 3223 in Bezug auf den Anſpruch an die Stelle des
5994 3210 7009 3275 Grundſtücks tritt. Das Urtheil über die Ertheilung
5990 3254 7007 3318 des Zuſchlags wird am 18. März 1893, Nach⸗
5991 3300 7006 3363 mittags 12 ½ Uhr, an Gerichtsſtelle, wie oben,
5990 3345 6320 3386 verkündet werden.
6034 3390 6684 3439 Berlin, den 21. Dezember 1892.
6087 3434 6900 3494 Königliches Amtsgericht Ⅰ. Abtheilung 76.
5983 3546 6126 3592 [58877]
6025 3592 6999 3654 In dem Verfahren betreffend die Zwangsver⸗
5980 3635 6999 3699 ſteigerung der dem Ackersmann J. Düwel zu Roſtock
5978 3680 6997 3743 bisher gehörigen Grundſtücke, des zu Roſtock vor dem
5976 3725 6999 3787 Petrithor am Damme sub Nr. 2005 b belegenen
5974 3771 6989 3832 Hauſes und Gartens Nr. 159 a, der daſelbſt am
5975 3814 6994 3875 Rickthaler Wege sub Nr. 40 belegenen Wieſe und
5968 3859 6989 3922 der daſelbſt am Grünen Wege sub Nr. 177 belegenen
5973 3903 6990 3967 Wieſe, iſt zur Erklärung über den Theilungsplan,
5967 3948 6986 4013 ſowie zur Vornahme der Vertheilung ein Termin auf
5970 3994 6985 4056 Dienstag, den 17. Januar 1893, Vormit⸗
5968 4039 6987 4099 tags 11 ½ Uhr, im Amtsgerichtsgebäude, Zimmer
5965 4081 6986 4143 Nr. 1 hieſelbſt, anberaumt, und werden die bei der
5965 4126 6982 4188 Zwangsverſteigerung Betheiligten dazu mit dem Be⸗
5963 4173 6982 4233 merken geladen, daß der Theilungsplan zu ihrer Ein⸗
5962 4216 6875 4278 ſicht auf der Gerichtsſchreiberei niedergelegt iſt.
6006 4262 6670 4313 Roſtock, den 28. Dezember 1892.
6183 4309 6755 4364 Großherzogliches Amtsgericht.
6392 4358 6544 4403 Piper.
5956 4462 6099 4509 [58878]
5998 4507 6975 4569 In Sachen des Particuliers Heinrich Laucke,
5951 4551 6969 4615 früher hier, jetzt in Hannover, Klägers, wider den
5952 4595 6968 4660 Schloſſer Otto Stiefel hier, Beklagten, wegen Hy⸗
5949 4641 6970 4702 pothekkapitalszinſen, wird der auf den 21. Februar
5946 4686 6972 4748 k. Irs., Morgens 10 ½ Uhr, zur Zwangsverſtei⸗
5946 4734 6968 4794 gerung des dem Beklagten gehörigen, hieſelbſt
5941 4774 6967 4839 Sophienſtraße belegenen Grundſtücks zu 5 a 82 qm
5944 4816 6966 4881 ſammt Wohnhauſe Nr. 5665 hier angeſetzte Termin
5941 4864 6964 4928 damit wieder aufgehoben, da Seitens des Klägers
5937 4909 6962 4973 die Verſteigerungs⸗Bedingungen nicht überreicht ſind.
5990 4955 6804 5011 Braunſchweig, den 20. Dezember 1892.
6154 5000 6746 5054 Herzogliches Amtsgericht. ⅤⅠ.
6345 5048 6551 5095 Rhamm.
5935 5131 6078 5177 [58895]
6321 5136 6550 5184 Aufgebot.
5979 5177 6955 5238 Der 3 ½ procentige Pommerſche Pfandbrief Departe⸗
5928 5221 6956 5283 ment Stolp Nr. 63 393 über 300 ℳ mit den dazu
5927 5267 6955 5327 gehörigen Zinscoupons Serie Ⅹ. Nr. 4/20 und
5926 5310 6951 5375 Talon wird auf Antrag des Paſtors Schmiedeberg
5927 5355 6951 5416 zu Ziethen aufgeboten. Der Inhaber des Pfand⸗
5923 5399 6952 5460 briefes wird aufgefordert, ſpäteſtens im Aufgebots⸗
5922 5444 6948 5507 termin am 23. September 1893, Vormittags
5923 5490 6945 5552 10 Uhr, bei dem unterzeichneten Gerichte (Zim⸗
5918 5535 6946 5597 mer 37) ſeine Rechte anzumelden und den Pfandbrief
5918 5578 6951 5638 vorzulegen, widrigenfalls dieſer für kraftlos erklärt
5918 5622 6169 5667 werden wird.
5961 5666 6597 5717 Stolp, den 28. Dezember 1892.
6192 5715 6675 5768 Königliches Amtsgericht.
5916 5796 6058 5844 [58881]
6325 5802 6552 5856 Aufgebot.
5960 5841 6935 5902 Die nachbenannten, auf den Inhaber lautenden
5915 5887 6939 5952 „Pfandbriefe“ der Schleſiſchen Boden⸗Credit⸗Actien⸗
5911 5933 6269 5977 Bank zu Breslau:
5990 5977 6935 6039 a. Serie Ⅰ. Litt. D. Nr. 9500, ausgeſtellt am
6039 6023 6339 6073 30. Juni 1882,
5986 6067 6927 6130 b. Serie ⅠⅠ. Litt. D. Nr. 3075 und Nr. 3077,
6044 6113 6670 6167 ausgeſtellt am 1. Februar 1885,
5992 6157 6929 6216 c. Serie ⅠⅠ. Litt. D. Nr. 6537 und 6538, aus⸗
6038 6203 6537 6255 geſtellt am 1. Mai 1889,
5906 6246 6925 6306 ſämmtlich über je 300 ℳ lautend und zu vier Pro⸗
5904 6294 6923 6351 cent verzinslich, ſind angeblich verloren gegangen
5902 6337 6924 6400 und ſollen auf den Antrag der verehelichten Joſepha
5904 6382 6923 6441 Scholz, geborenen Grunwald, zu Mittelwalde, ver⸗
7112 1183 8134 1246 treten durch die Rechtsanwälte Kirſchner und Frieden⸗
7112 1225 8134 1292 thal zu Breslau, behufs neuer Ausfertigung für
7110 1270 7565 1319 kraftlos erklärt werden.
7152 1315 8130 1377 Es werden daher die unbekannten Inhaber der
7113 1359 8123 1423 vorbezeichneten Schuldurkunden hiermit aufgefordert,
7115 1402 8129 1467 ſpäteſtens in dem auf den 5. März 1896, Vor⸗
7106 1449 8127 1512 mittags 11 Uhr, in dem hieſigen Amtsgerichts⸗
7107 1491 8125 1555 gebäude — am Schweidnitzer Stadtgraben Nr. 4,
7110 1534 8125 1599 Zimmer Nr. 89, im zweiten Stock — anberaumten
7104 1580 8123 1644 Aufgebotstermine ihre Rechte bei dem unterzeichneten
7106 1624 8117 1689 Gericht anzumelden und die Urkunden vorzulegen,
7101 1669 8116 1732 widrigenfalls die Kraftloserklärung der letzteren er⸗
7104 1713 7332 1758 folgen wird.
7149 1758 7839 1812 Breslau, den 20. Dezember 1892.
7369 1806 7840 1860 Königliches Amtsgericht.
7099 1900 7241 1945 [58861]
7500 1905 7714 1957 Aufgebot.
7139 1945 8109 2012 Von den Verwaltern nachſtehender Teſtamente,
7096 1988 8113 2053 ſämmtlich vertreten durch den Rechtsanwalt. Dr.
7097 2033 8110 2100 P. Wibel in Lübeck, iſt rückſichtlich der folgenden
7090 2078 8108 2146 abhanden gekommenen Lübeckiſchen Staatsſchuld⸗
7091 2122 8114 2193 ſcheine, ſog. Stadtkaſſenbriefe, das Aufgebotsverfahren
7087 2165 7291 2219 beantragt:
7140 2214 8105 2280 1) von den Verwaltern von Jacob Bording
7086 2254 8031 2317 Teſtament, bezüglich folgender Stadtkaſſenbriefe:
7111 3004 8087 3073 2) von den Verwaltern von Anna Bording
7064 3046 8003 3109 Teſtament, bezüglich folgender Stadtkaſſenbriefe:
7052 5007 8043 5067 3) von den Verwaltern von Hermann Falcke
7004 5046 8035 5111 Teſtament, bezüglich Stadtkaſſenbriefes unbekannten
7003 5093 8032 5157 Datums, anerkannt durch Acte des Finanz⸗Departe⸗
7001 5141 8035 5203 ments vom 25. Februar 1831, Termin Weihnacht
7038 5292 8029 5362 4) von den Verwaltern von Hermann Sierenberg
6996 5337 7939 5397 Teſtament, bezüglich folgender Stadtkaſſenbriefe:
8217 1207 9193 1273 5) von den Verwaltern von Margaretha thor
8175 1248 9191 1315 Borch Teſtament, bezüglich Stadtkaſſenbriefes von
8173 1293 9142 1354 Weihnacht 1671 Termin Weihnacht mit 3 % über
8213 1448 9187 1517 6) von den Verwaltern von Hinrich Nolt Teſtament,
8165 1488 9183 1554 bezüglich Stadtkaſſenbriefes vom 16. Mai 1752
8165 1534 8858 1597 Termin Johannis mit 2 ½ % über.
8206 1646 9181 1710 7) von den Verwaltern von Catharina Grabbers
8164 1688 9180 1763 Teſtament, bezüglich Stadtkaſſenbriefes von Michaelis
8163 1734 8912 1794 1645 Termin Michaelis mit 3 % über
8206 1891 9176 1963 8) von den Verwaltern von Thomas Storningk
8158 1932 9088 1998 Teſtament, bezüglich folgender Stadtkaſſenbriefe:
8185 2545 9165 2614 9) von den Verwaltern von Elſabe von Stiten
8145 2586 9165 2656 Teſtament, bezüglich Stadtkaſſenbriefes vom 1. Juni
8144 2633 8895 2690 1747 Termin Johannis mit 3 % über
8185 2791 9158 2856 10) von den Verwaltern von Heinrich Conradus
8139 2832 9155 2900 Teſtament, bezüglich Stadtkaſſenbriefes von Oſtern
8140 2879 8846 2937 1590 Termin Oſtern mit 3 % über
8182 2991 9152 3057 11) von den Verwaltern von Hans Steffens
8133 3028 9158 3103 Teſtament, bezüglich Stadtkaſſenbriefes vom 24. De⸗
8133 3079 9052 3141 zember 1619 Termin Weihnacht mit 3 % über
8150 3984 9128 4054 13) von den Verwaltern der Weſterauer Stiftung,
8106 4026 9128 4097 bezüglich Stadtkaſſenbriefes vom 19. Februar 1674,
8105 4076 9129 4136 anerkannt durch Acte des Finanz⸗Departements vom
8107 4117 9067 4180 30. Oktober 1815, Termin Oſtern mit 3 % über
8147 4273 9122 4341 Dieſem Antrage gemäß werden alle diejenigen,
8103 4318 9131 4387 welche ein Intereſſe daran haben, der Kraftlos⸗
8100 4363 9122 4428 erklärung vorſtehender Urkunden zu widerſprechen,
8099 4408 9121 4477 aufgefordert, ihre Rechte ſpäteſtens in dem auf
8098 4452 9120 4517 Dienstag, den 26. September 1893, Vor⸗
8097 4499 9124 4562 mittags 11 Uhr, anberaumten Aufgebotstermine
8096 4541 9018 4608 bei dem unterzeichneten Amtsgerichte anzugeben.
8139 4587 9116 4653 Desgleichen ergeht an die unbekannten Inhaber
8091 4632 9119 4705 der Urkunden die Aufforderung, dieſelben ſpäteſtens
8091 4676 9111 4744 in dem obgedachten Aufgebotstermine den Antragenden
8089 4724 9112 4789 vorzuweiſen, widrigenfalls die Urkunden für kraftlos
8087 4767 9120 4831 und alle Anſprüche aus denſelben an die Staats⸗
8087 4807 9110 4882 ſchulden⸗Verwaltung für erloſchen erklärt werden
8085 4855 8201 4894 ſollen.
8122 4900 8775 4954 Lübeck, den 24. Dezember 1892.
8280 4949 8925 5009 Das Amtsgericht. Abtheilung Ⅰ.
8084 5057 8226 5105 [58892]
8487 5065 8702 5113 Aufgebot.
8125 5103 9106 5168 Der Inhaber der am 1. April 1874 zu Oppeln
8080 5144 9103 5213 ausgeſtellten, angeblich verloren gegangenen Actie der
8080 5189 9102 5255 Schleſiſchen⸗Actien⸗Geſellſchaft für Portland⸗Cement⸗
8078 5235 9102 5301 Fabrikation zu Oppeln Nr. 539 über 200 Thaler
8077 5281 9106 5348 wird auf den Antrag der Handelsgeſellſchaft Burchardt
8077 5326 9104 5391 und Brock zu Berlin aufgefordert, ſpäteſtens im Auf⸗
8075 5369 9099 5433 gebotstermine am 17. Januar 1894, Vor⸗
8074 5416 9096 5484 mittags 9 Uhr, bei dem unterzeichneten Gerichte,
8073 5457 9098 5525 Zimmer Nr. 12, ſeine Rechte anzumelden und die
8073 5503 9094 5573 Actie vorzulegen, widrigenfalls die Kraftloserklärung
8067 5549 9092 5615 der letzteren erfolgen wird und dem Verlierer an
8069 5593 8976 5652 ihrer Statt eine neue ausgefertigt werden ſoll.
8111 5638 9092 5706 Die Firma obiger Actiengeſellſchaft iſt inzwiſchen
8066 5681 9096 5750 in „Schleſiſche Actien⸗Geſellſchaft für Portland⸗
8064 5727 9090 5797 Cement⸗Fabrikation“ zu Groſchowitz bei Oppeln ge⸗
8060 5771 9097 5847 ändert, ihr Sitz von Oppeln nach Groſchowitz ver⸗
8055 5815 8296 5862 legt worden.
8101 5861 8773 5915 Oppeln, den 4. November 1889.
8329 5909 8803 5966 Königliches Amtsgericht.
8054 6016 8197 6064 [32373]
8456 6017 8692 6075 Aufgebot.
8090 6063 9090 6129 Auf den Antrag der Erben des zu Bredow ver⸗
8046 6100 9087 6176 ſtorbenen Tiſchlermeiſters Guſtav Jaeger, vertreten
8045 6148 9088 6218 durch den Rechtsanwalt Freude in Stettin, wird der
8042 6193 9085 6263 Inhaber des angeblich geſtohlenen Hypotheken⸗An⸗
8044 6240 9085 6308 theilſcheines Litt. A. Nr. 223 über 100 ℳ der
8046 6281 9083 6358 Genoſſenſchaftlichen Grund⸗Kreditbank für die Pro⸗
8042 6327 9079 6401 vinz Preußen aufgefordert, ſeine Rechte auf den ge⸗
8041 6373 9084 6444 nannten Schein ſpäteſtens in dem Aufgebotstermine
8039 6416 9082 6487 den 16. März 1893, Mittags 12 Uhr, bei
310 3183 1037 3232 Wetterbericht vom 3. Januar,
475 3230 872 3276 8 Uhr Morgens.
181 3406 400 3446 Stationen.
149 3582 423 3630 Mullaghmore
147 3632 330 3674 Aberdeen
145 3679 417 3722 Chriſtianſund
145 3721 385 3764 Kopenhagen
142 3769 361 3810 Stockholm
138 3814 367 3851 Haparanda
143 3855 427 3898 St Petersburg
135 3899 312 3946 Moskau
137 3955 419 4003 Cork, Queens⸗
187 4006 289 4042 town
135 4044 356 4091 Cherbourg
131 4092 269 4132 Helder
129 4136 236 4176 Sylt
124 4180 315 4226 Hamburg
119 4226 389 4267 Swinemünde
117 4266 406 4314 Neufahrwaſſer
116 4312 270 4360 Memel
113 4371 249 4412 Paris
111 4412 289 4461 Münſter
113 4459 315 4502 Karlsruhe
110 4502 333 4550 Wiesbaden
111 4548 295 4596 München
109 4595 292 4640 Chemnitz
108 4640 243 4686 Berlin
103 4687 215 4727 Wien
98 4727 270 4777 Breslau
98 4790 288 4837 Ile o'Aix
97 4835 210 4879 Nizza
95 4872 217 4930 Trieſt
450 4554 521 4594 764
441 4599 527 4642 767
443 4644 518 4686 767
438 4689 512 4732 763
430 4734 518 4778 764
440 4790 509 4832 767
438 4836 507 4876 750
433 4879 506 4921 750
452 3297 504 3565 Bar. auf 0 Gr.
500 3299 551 3565 u. b. Meeresſp.
546 3299 596 3566 red. in Millim.
489 3590 556 3627 768
487 3634 554 3674 765
487 3679 553 3721 772
486 3723 552 3765 768
483 3769 549 3809 775
479 3814 551 3853 787
465 3852 549 3898 782
466 3902 545 3945 781
479 4004 546 4041 768
461 4047 553 4089 766
474 4094 542 4133 764
473 4139 540 4179 766
471 4183 539 4225 767
469 4228 536 4270 767
453 4271 533 4313 767
455 4313 532 4361 769
426 4374 551 4416 767
455 4418 532 4460 764
456 4464 525 4503 767
453 4509 522 4547 766
636 3399 805 3459 Wind.
614 3581 821 3633 SSW 3
611 3635 824 3676 O 5
611 3677 817 3724 OSO 6
610 3724 817 3767 OSO 2
606 3768 814 3813 O 2
729 3813 814 3859 ſtill
608 3854 813 3901 O 3
608 3901 815 3949 ONO 2
602 3998 811 4046 N 2
599 4047 813 4093 NW 4
599 4092 806 4134 SSO 1
594 4136 804 4180 SSO 1
591 4183 806 4226 SO 2
595 4226 800 4269 SSO 1
590 4273 802 4316 S 1
587 4316 798 4365 O 3
584 4375 795 4416 W 1
584 4419 795 4460 SO 2
581 4463 793 4504 SW 3
576 4507 791 4551 N 1
579 4554 789 4596 W 5
573 4599 787 4642 WSW 2
572 4643 783 4687 S 1
566 4690 787 4732 WNW 3
570 4735 780 4781 NNW 2
567 4788 777 4834 ONO 3
561 4835 781 4880 NO 3
561 4880 775 4930 ONO 6
867 3413 1004 3458 Wetter.
831 3586 942 3634 heiter
829 3634 949 3677 bedeckt
827 3681 1010 3725 wolkenlos
826 3724 960 3768 Schnee
823 3768 953 3814 wolkig
825 3816 947 3856 bedeckt
821 3855 952 3902 bedeckt
824 3899 970 3950 bedeckt
826 4005 932 4047 heiter
823 4051 949 4092 wolkig
822 4092 1006 4137 halb bed.
821 4136 951 4182 bedeckt
823 4181 958 4226 bedeckt
816 4227 949 4271 bedeckt
814 4270 946 4315 bedeckt
811 4315 945 4365 bedeckt
809 4376 987 4418 halb bed.
808 4422 932 4462 bedeckt
805 4466 967 4506 bedeckt ¹)
803 4506 954 4550 Schnee
800 4554 981 4597 Schnee ²)
796 4599 932 4641 bedeckt
796 4646 979 4690 bedeckt ³)
792 4692 927 4733 bedeckt
794 4736 926 4780 bedeckt
787 4792 987 4836 wolkenlos
785 4839 980 4882 halb bed.
781 4881 922 4925 bedeckt
1061 3591 1169 3633 — 2
1104 3641 1141 3679 0
1054 3683 1154 3724 — 7
1052 3730 1133 3769 — 5
1058 3775 1137 3811 — 4
1037 3820 1132 3860 — 21
1038 3862 1128 3900 — 15
1039 3907 1149 3950 — 17
1054 4011 1131 4051 — 1
1050 4056 1132 4094 — 1
1105 4101 1129 4135 0
1049 4142 1127 4184 — 8
1034 4183 1134 4227 — 10
1031 4227 1122 4272 — 11
1042 4278 1124 4318 — 9
1046 4317 1146 4366 — 7
1048 4381 1132 4421 — 9
1048 4425 1125 4462 — 9
1024 4465 1119 4507 — 10
1035 4513 1116 4552 — 8
1018 4556 1121 4600 — 12
1019 4604 1118 4643 — 12
1016 4650 1114 4691 — 12
1014 4694 1112 4734 — 10
1013 4738 1110 4782 — 12
1019 4797 1133 4837 — 4
1026 4843 1108 4884 — 2
1019 4883 1117 4930 — 2
133 4992 1142 5047 ¹) Schnee. ²) Nachts Schnee. ³) Geſtern Schnee.
1044 3316 1092 3557 Temperatur
1089 3322 1133 3554 in ° Celſius
1135 3300 1182 3572 5 ° C. = 4 ° N.
7132 2304 8107 2365 Stadtkaſſenbrief vom 21. März 1759 Termin
7471 2353 7892 2401 Oſtern mit 3 % über
7112 2454 7362 2554 “
7113 2579 7360 2687 “
7113 2719 7359 2867 “
7463 2446 7785 2489 vom 13. Juli 1734
7463 2485 7785 2533 Termin Johannis
7461 2533 7736 2577 mit 3 % über
7458 2581 7784 2623 von Martini 1606
7462 2621 7780 2666 Termin Michae⸗
7463 2666 7778 2713 lis mit 3 % über
7461 2713 7781 2756 vom 28. Januar
7459 2756 7778 2799 1656 Termin
7454 2799 7780 2848 Weihnacht, mit
7455 2843 7652 2892 3 % über
7802 2405 8109 2451 Crt.  1 000, —
7870 2546 8107 2591 „ 300, —
7862 2680 8106 2725 „ 100, —
7866 2857 8098 2901 „ 3 850, —
7790 2909 8091 2958 Crt.  5 250, —
7802 2969 8092 3014 = ℳ 6 300, —
7111 3093 8087 3155 Stadtkaſſenbrief vom 20. April 1695 Termin
7451 3144 7868 3194 Oſtern mit 3 % über
7136 3237 7334 3340 “
7136 3372 7331 3517 “
7135 3553 7327 3656 “
7200 3691 7280 3738 “
7135 3816 7322 3951 “
7134 4006 7319 4145 “
7134 4187 7316 4323 “
7133 4362 7312 4505 “
7131 4544 7309 4591 “
7132 4725 7305 4874 “
7446 3235 7772 3282 von Oſtern 1750
7441 3278 7769 3329 Termin. Oſtern
7444 3324 7730 3369 mit 3 % über
7438 3371 7764 3421 vom 22. März
7438 3414 7765 3461 1759 Termin
7434 3457 7761 3508 Oſtern mit 3 %
7427 3501 7531 3545 über
7436 3550 7758 3592 vom 10. Mai 1724
7434 3592 7756 3643 Termin Oſtern
7431 3637 7721 3681 mit 3 % über
7432 3679 7754 3728 vom 13. Juli 1734
7420 3725 7758 3774 Termin Johannis
7421 3771 7720 3815 mit 3 % über
7423 3814 7751 3862 vom 12. Oktober
7423 3861 7744 3904 1621 Termin
7418 3904 7754 3960 Michaelis mit 3 %
7416 3947 7513 3991 über
7414 3998 7755 4044 von Michaelis
7415 4040 7744 4087 1694 Termin
7414 4084 7743 4136 Michaelis mit 3 %
7410 4128 7504 4169 über
7412 4176 7739 4224 von Michaelis
7412 4219 7738 4263 1713 Termin
7408 4261 7739 4313 Michaelis mit 3 %
7403 4307 7500 4348 über
7407 4355 7737 4402 von Michaelis
7407 4398 7739 4445 1611 Termin
7405 4441 7738 4495 Michaelis mit 3 %
7405 4482 7498 4530 über
7402 4533 7739 4582 von Weihnacht
7404 4577 7734 4622 1670 Termin
7404 4620 7735 4672 Weihnacht, mit
7404 4666 7588 4707 3 % über
7399 4713 7727 4758 vom 20. Januar
7398 4756 7723 4799 1729 Termin
7393 4800 7730 4850 Weihnacht mit
7395 4846 7591 4892 3 % über
7780 3198 8090 3248 Crt.  600, —
7853 3336 8086 3383 „ 600, —
7849 3517 8082 3556 „ 2 000, —
7842 3651 8079 3689 „ 300, —
7839 3785 8076 3821 „ 800, —
7831 3962 8069 4004 „ 700, —
7827 4141 8062 4179 „ 900. —
7835 4322 8062 4366 „ 1 600, —
7823 4500 8058 4540 „ 500, —
7812 4678 8049 4720 „ 1 000, —
7813 4856 8050 4903 „ 1 500, —
7712 4906 8043 4955 Crt.  10 500, —
7739 4968 8047 5012 = ℳ 12 600, —
7001 5184 7280 5228 mit 3 % über
7726 5199 8044 5246 Crt.  600, —
7742 5255 8032 5302 = ℳ 720, —
7043 5384 8026 5448 Stadtkaſſenbrief von Oſtern 1507 Termin Oſtern
7383 5436 8032 5495 mit 3 % über . Crt.  1 200, —
7052 5495 7274 5632 “
7050 5668 7267 5777 “
7048 5815 7262 5944 “
7045 5985 7255 6122 “
7043 6164 7248 6301 “
7380 5484 7713 5530 vom 18. April
7376 5525 7702 5568 1611 Termin
7377 5568 7702 5620 Oſtern mit 3 %
7373 5613 7459 5656 über
7374 5657 7703 5707 vom 7. April 1635
7374 5702 7695 5752 Termin Oſtern
7371 5746 7659 5795 mit 3 % über
7371 5795 7696 5838 vom 20. Septem⸗
7363 5835 7701 5884 ber 1631 Termin
7362 5880 7699 5932 Michaelis, mit
7367 5925 7562 5969 3 % über
7358 5971 7694 6017 von Weihnacht
7355 6014 7691 6062 1583 „Termin
7358 6059 7695 6106 Weihnacht mit
7356 6104 7555 6147 3 % über
7351 6148 7685 6198 von Weihnacht
7353 6191 7680 6241 1606 Termin
7353 6236 7684 6291 Weihnacht mit
7356 6282 7543 6326 3 % über
7795 5622 8022 5672 „ 1 600, —
7779 5762 8014 5808 „ 500, —
7785 5936 8012 5983 „ 1 500, —
7776 6112 8012 6161 „ 1 500, —
7763 6279 8002 6338 „ 300, —
7690 6344 8002 6394 Crt.  6 600, —
7705 6402 7997 6450 = ℳ. 7 920, —
8885 1354 9186 1401 Crt.  2 575, —
8893 1408 9186 1455 = ℳ 3 090, —
8887 1553 9188 1603 Crt.  1 000, —
8889 1611 9186 1655 = ℳ 1 200, —
8875 1797 9178 1842 Crt.  400, —
8882 1852 9172 1900 = ℳ 480, —
8204 1977 9171 2043 Stadtkaſſenbrief vom 8. März 1638 Termin Oſtern
8535 2033 9178 2090 mit 3 % über . Crt.  5 000, —
8223 2088 8462 2228 “
8225 2257 8455 2416 “
8537 2080 8863 2125 von Johannis
8541 2122 8861 2170 1604 Termin Jo⸗
8540 2165 8861 2215 hannis mit 3 %
8538 2210 8626 2253 über
8534 2257 8864 2307 vom 30. Auguſt
8534 2300 8860 2348 1625 Termin Jo⸗
8536 2343 8857 2393 hannis mit 3 %
8533 2388 8621 2430 über
8933 2220 9172 2263 „ 600, —
8937 2402 9167 2444 „ 200, —
8865 2448 9162 2498 Crt.  5 800, —
8878 2509 9161 2553 = ℳ 6 960, —
8866 2696 9158 2745 Crt.  800, —
8879 2758 9157 2799 = ℳ 960, —
8860 2898 9158 2946 Crt.  1 500, —
8872 2954 9154 3000 = ℳ 1 800, —
8859 3143 9152 3190 Crt.  1 133, —
8866 3199 9149 3247 = ℳ 1 359,60
8178 3238 9150 3302 12) von den Verwaltern von Johann Spangen⸗
8129 3278 8856 3338 berg Teſtament (Lichtlegat), nämlich:
8188 3332 8238 3370 a.
8188 3506 8241 3549 b.
8267 3326 9150 3394 der Vorſteherſchaft der St. Marien⸗Kirche,
8263 3370 9144 3436 bezüglich Stadtkaſſenbriefes von Michaelis
8267 3417 9009 3478 1603 Termin Michaelis mit 3% über
8259 3507 8841 3560 der Vorſteherſchaft der St.
8259 3549 8831 3606 Jacobi⸗Kirche, bezüglich Stadt⸗
8259 3595 8827 3647 kaſſenbriefes unbekannten Da⸗
8258 3641 8828 3697 tums, anerkannt durch Pro⸗
8255 3685 8826 3739 tokollauszug des Finanz⸗De⸗
8254 3731 8827 3781 partements vom 23. Oktober
8256 3774 8829 3829 1693, Termin Michaelis mit
8251 3818 8440 3867 3 % über
8854 3477 9149 3522 Crt.  200, —
8904 3835 9135 3878 „ 60, —
8843 3888 9135 3938 Crt.  260, —
8852 3946 9132 3994 = ℳ 312, —
8836 4182 9128 4230 Crt.  400, —
8848 4241 9124 4285 = ℳ 480, —
