9960 7160
607 484 1662 536 hierſelbſt, hat das Aufgebot der angeblich verloren
611 535 1662 583 gegangenen Wechſel 1) über 400 ℳ, ausgeſtellt am
611 581 1659 627 31. Juli 1905 von der Firma W. Fantini hier,
607 624 1661 675 fällig am 15. November 1905, auf die Antragſtellerin
607 673 1660 721 bezogen und von dieſer angenommen, 2) über 345 ℳ,
607 720 1662 768 ausgeſtellt am 31. Juli 1905 von der Firma
610 763 1660 814 W. Fantini hier, fällig am 20. November 1905,
609 812 1661 859 ebenfalls auf die Antragſtellerin bezogen und von
609 857 1660 906 dieſer angenommen, zum Zwecke der Kraftloserklärung
606 902 1660 952 beantragt. Der Inhaber der Urkunden wird auf⸗
607 949 1660 998 gefordert, ſeine Rechte ſpäteſtens in dem auf den
608 994 1662 1043 24. April 1906, Vormittags 11 ¾ Uhr, vor
605 1041 1659 1089 dem unterzeichneten Gericht, Schweidnitzer Stadt⸗
607 1086 1659 1136 graben Nr. 4, Zimmer Nr. 91 (ⅠⅠ. Stock), an⸗
607 1133 1660 1181 beraumten Termine anzumelden und die beiden Ur⸗
605 1180 1661 1229 kunden vorzulegen, widrigenfalls die Kraftloserklärung
605 1228 1075 1275 derſelben erfolgen wird.
653 1273 1393 1320 Breslau, den 27. September 1905.
901 1320 1378 1368 Königliches Amtsgericht.
601 1397 755 1448 [37262]
1023 1398 1250 1448 Aufgebot.
654 1443 1657 1492 Der Fuhrwerksbeſitzer Gottfried Rothe in Erfurt,
610 1490 1659 1540 vertreten durch Rechtsanwalt Zander in Erfurt, hat
608 1536 1657 1585 das Aufgebot des angeblich verloren gegangenen, am
605 1579 1659 1632 5. Oktober 1905 fällig werdenden Wechſels d. d.
606 1628 1660 1678 Erfurt, den 5. Juli 1905 über 1492,20 ℳ, der von
606 1671 1658 1724 ihm auf den Alwin Wagner in Erfurt, Mittelſtraße,
607 1719 1658 1772 gezogen und von letzterem akzeptiert worden iſt,
605 1766 1658 1817 zahlbar bei J. Heilbrunn & Co. in Erfurt, be⸗
604 1813 1656 1862 antragt. Der Inhaber der Urkunde wird aufgefordert,
606 1857 1657 1909 ſpäteſtens in dem auf den 12. April 1906,
604 1905 1656 1956 Vormittags 11 Uhr, vor dem unterzeichneten Ge⸗
606 1951 1659 2003 richt, Zimmer Nr. 93, anberaumten Aufgebotstermine
605 1995 1655 2049 ſeine Rechte anzumelden und die Urkunde vorzulegen,
606 2045 1655 2095 widrigenfalls die Kraftloserklärung der Urkunde er⸗
604 2094 839 2141 folgen wird.
650 2138 1226 2187 Erfurt, den 31. Juli 1905.
796 2180 1466 2232 Königliches Amtsgericht. Abt. 8.
602 2269 749 2315 [67733]
1021 2265 1247 2311 Aufgebot.
652 2310 1654 2360 Die Firma Benz & Cie., Rheiniſche Gasmotoren⸗
606 2355 1656 2407 fabrik Aktiengeſellſchaft in Mannheim, vertreten durch
606 2402 1658 2453 den Rechtsanwalt Dr. J. Roſenfeld in Mannheim,
609 2447 1659 2499 hat das Aufgebot eines am 11. November 1902 auf
610 2495 1657 2545 C. Strauß. Malz⸗ und Eiswerke in Schwerin, von
606 2543 1656 2591 der Antragſtellerin an eigene Order gezogenen von
608 2587 1657 2638 C. Strauß angenommenen, am 15. Mai 1903 fälligen
608 2633 1656 2685 Wechſels über 2950 ℳ beantragt. Der In⸗
604 2680 1657 2730 haber der Urkunde wird aufgefordert, ſpäteſtens in
606 2728 1658 2776 dem auf den 16. Juni 1906, Mittags
607 2773 1657 2823 12 Uhr, vor dem unterzeichneten Gerichte an⸗
604 2819 1658 2870 beraumten Aufgebotstermine ſeine Rechte anzumelden
604 2865 1656 2915 und die Urkunde vorzulegen, widrigenfalls die Kraft⸗
603 2912 1396 2961 loserklärung der Urkunde erfolgen wird.
652 2960 1391 3009 Schwerin, den 27. November 1905.
835 3005 1423 3054 Großherzogliches Amtsgericht.
604 3091 753 3138 [53887]
1450 3082 1658 3129 F 7/05. 2.
1017 3085 1245 3134 Aufgebot.
650 3131 1658 3181 Der Bauunternehmer Franz Kaiſer in Saarbrücken
607 3181 1658 3229 hat das Aufgebot des auf ihn gezogenen und von
605 3223 1658 3273 ihm angenommenen Blankowechſels d. d. Weißen⸗
606 3270 1662 3321 thurm den 11. Auguſt 1905, über 655,15 ℳ, zahlbar
605 3314 1659 3367 am 11. Oktober 1905 bei der Bergiſch⸗Märkiſchen
604 3362 1660 3412 Bank in St. Johann⸗Saar, deſſen Ausſteller un⸗
604 3407 1659 3459 bekannt iſt, beantragt. Der Inhaber der Urkunde
604 3455 1659 3505 wird aufgefordert, ſpäteſtens in dem auf den
606 3502 1662 3550 2. Mai 1906, Vormittags 11 Uhr, vor
607 3548 1662 3598 dem unterzeichneten Gericht, Zimmer 13, anberaumten
606 3592 1662 3646 Aufgebotstermine ſeine Rechte anzumelden und die
605 3638 1661 3689 Urkunde vorzulegen, widrigenfalls die Kraftlos⸗
607 3688 1343 3738 erklärung der Urkunde erfolgen wird.
654 3733 1429 3782 Saarbrücken, den 12. Oktober 1905
855 3779 1403 3830 Königliches Amtsgericht. 1.
607 3855 754 3903 [74218]
654 3892 1667 3943 Der Rentier Johann Groß in Tilſit, Marien⸗
610 3940 1665 3994 ſtraße 7, hat das Aufgebot des angeblich verloren
609 3985 1665 4041 gegangenen, kein Fälligkeitsdatum tragenden Wechſels,
611 4032 1664 4084 d. d. Tilſit, den 18. Oktober 1905, über 5400 ℳ,
608 4079 1664 4130 der von ſeiner Ehefrau Martha Groß auf ihn ge⸗
607 4121 1666 4180 zogen und von ihm angenommen iſt, verſehen mit
607 4169 1665 4224 dem Blankoindoſſement der Martha Groß, beantragt.
610 4215 1666 4269 Der Inhaber des Wechſels wird aufgefordert,
611 4262 1666 4318 ſpäteſtens in dem auf den 28. September 1906,
612 4309 1667 4361 Vorm. 10 Uhr, vor dem unterzeichneten Gericht,
612 4355 1666 4410 Anger Nr. 11, Zimmer Nr. 4, anberaumten Auf⸗
611 4403 1666 4459 gebotstermine ſeine Rechte anzumelden und den
613 4445 1668 4505 Wechſel vorzulegen, widrigenfalls deſſen Kraftlos⸗
613 4499 1088 4547 erklärung erfolgen wird.
661 4540 1304 4596 Tilſit, den 10. Dezember 1905.
904 4588 1381 4638 Königliches Amtsgericht.
612 4677 759 4724 [52563]
1516 4665 1671 4709 F. 3/05.
1028 4667 1254 4716 Aufgebot.
660 4714 1672 4766 Der Sattlermeiſter Robert Ottomann aus Walken⸗
616 4761 1672 4814 ried hat als Vormund der minderjährigen Kinder
613 4805 1672 4860 des am 8. Auguſt 1905 zu Walkenried verſtorbenen
615 4852 1675 4907 Maurergeſellen Friedrich Krieghoff namens ſeiner
618 4900 1674 4952 Mündel das Aufgebot der Schuldverſchreibung vom
618 4946 1674 4999 20. Juli 1861 über ein Darlehn des Handarbeiters
619 4993 1674 5047 Auguſt Krieghoff von hier an ſeinen Bruder, den
622 5038 1674 5091 Maurer Friedrich Krieghoff von hier, in Höhe von
623 5083 1676 5134 129 ℳ nebſt 4 % jährlicher Zinſen beantragt, auf
623 5130 1676 5180 Grund deren am 20. Juli 1861 im Grundbuch von
623 5174 1675 5226 Walkenried Band Ⅰ Blatt 47 auf den dort ver⸗
625 5221 1679 5278 zeichneten Grundſtücken unter Nr. 2 eine Hypothek
622 5268 1678 5324 zu 129 ℳ nebſt 4 % Zinſen für den Handarbeiter
622 5314 1678 5370 Auguſt Krieghoff eingetragen iſt. Der Inhaber der
625 5360 1678 5411 Urkunde wird aufgefordert, ſpäteſtens in dem auf den
625 5406 1680 5458 1. Mai 1906, Vormittags 10 Uhr, vor dem
625 5453 1681 5507 unterzeichneten Gericht anberaumten Aufgebotstermine
626 5496 1681 5556 ſeine Rechte anzumelden und die Urkunde vorzulegen,
628 5544 1681 5601 widrigenfalls die Kraftloserklärung der Urkunde er⸗
626 5599 865 5648 folgen wird.
674 5639 1405 5687 Walkenried, den 6. Oktober 1905.
911 5684 1401 5736 Herzogliches Amtsgericht.
675 5731 1286 5787 (L. S.) (Unterſchrift.)
629 5808 776 5857 [74530]
1051 5800 1275 5848 Aufgebot.
675 5843 1686 5903 Die Frau Elsbeth Kazubeck, geb. Ziller, in
630 5889 1687 5946 Charlottenburg, Bayreutherſtr. 41, vertreten durch
630 5935 1686 5992 den Rechtsanwalt Dr. Grelling in Berlin, Span⸗
630 5982 1685 6037 dauerſtr. 48, hat beantragt, den verſchollenen Eugen
631 6030 1687 6084 Georg Conſtantin Johannes Ziller, geboren am
631 6074 1687 6130 25. Dezember 1862 in Berlin, zuletzt wohnhaft in
632 6121 1686 6177 Berlin, für tot zu erklären. Der bezeichnete Ver⸗
630 6166 1688 6226 ſchollene wird aufgefordert, ſich ſpäteſtens in dem auf
629 6214 1690 6270 den 13. Juli 1906, Vormittags 11 ¼ Uhr, vor
630 6259 1688 6314 dem unterzeichneten Gericht, Berlin, Neue Friedrich⸗
631 6303 1689 6365 ſtraße 13/14, III. Stock, Zimmer 106—108, anbe⸗
632 6350 1691 6409 raumten Aufgebotstermine zu melden, widrigenfalls
632 6396 1692 6455 die Todeserklärung erfolgen wird. An alle, welche
632 6443 1692 6502 Auskunft über Leben oder Tod des Verſchollenen
630 6491 1691 6554 zu erteilen vermögen, ergeht die Aufforderung,
631 6536 1695 6600 ſpäteſtens im Aufgebotstermine dem Gericht Anzeige
633 6596 842 6643 zu machen.
681 6634 1363 6684 Berlin, den 24. Dezember 1905.
739 6673 1591 6734 Königliches Amtsgericht Ⅰ. Abteilung 82.
1709 488 1856 534 [74266]
2126 480 2329 527 Aufgebo
1753 526 2767 579 Bernhard Mickert, Kohlenhändler in Frankenthal,
1711 575 2759 625 hat die Todeserklärung ſeiner am 14. Dezember 1868
1712 623 2759 673 in Heßheim geborenen, zuletzt in Frankenthal wohn⸗
1711 668 2759 718 haft geweſenen und angeblich ſeit 16 Jahren ver⸗
1711 713 2758 766 ſchollenen Tochter Katharina Mickert beantragt. Es
1709 760 2324 811 ergeht daher die Aufforderung:
1757 800 2755 857 1) an Katharina Mickert, ſich ſpäteſtens im Auf⸗
1712 852 2758 904 gebotstermine, als welcher Mittwoch, 11. Juli
1710 898 2756 946 1906, Vormittags 11 Uhr, Sitzungsſaal Nr. 7,
1709 945 2757 994 beſtimmt wird, bei dem unterfertigten Gerichte zu
1709 990 2757 1043 melden, widrigenfalls die Todeserklärung erfolgen wird;
1754 1036 2758 1087 2) an alle, welche Auskunft über Leben oder Tod der
1710 1083 2758 1133 Katharina Mickert zu erteilen vermögen, ſpäteſtens
1710 1128 2758 1176 in dem vorbezeichneten Aufgebotstermine dem Gerichte
1711 1174 2263 1226 hierüber Anzeige zu machen.
1757 1221 2553 1273 Frankenthal, den 27. Dezember 1905.
2064 1267 2415 1315 Kgl. Amtsgericht.
1711 1330 1860 1376 [74267]
2123 1326 2356 1372 Aufgebot.
1756 1370 2758 1421 Anna Maria geb. Willer, Witwe von Georg
1709 1415 2757 1468 Unkelbach, in Edigheim wohnhaft, beantragt die
1710 1463 2756 1512 Todeserklärung ihres Bruders Johannes Willer,
1709 1510 2756 1562 geboren am 13. Oktober 1840 in Edigheim und
1710 1555 2756 1606 daſelbſt im Inlande zuletzt wohnhaft, der im Jahre
1712 1601 2757 1652 1860 nach Amerika ausgewandert ſein ſoll. Der
1708 1648 2755 1699 Verſchollene wird aufgefordert, ſich ſpäteſtens in dem
1708 1694 2754 1746 auf Mittwoch, 11. Juli 1906, Vormittags
1708 1740 2754 1791 11 Uhr, vor dem Kgl. Amtsgerichte Frankenthal,
1706 1787 2755 1837 in deſſen Sitzungsſaal, anberaumten Aufgebotstermine
1706 1833 2754 1884 zu melden, widrigenfalls ſeine Todeserklärung erfolgen
1707 1879 2756 1930 wird. Zugleich werden alle, welche Auskunft über
1705 1926 2754 1974 Leben oder Tod des Verſchollenen zu erteilen ver⸗
1706 1971 2754 2024 mögen, aufgefordert, ſpäteſtens im Aufgebotstermine
1705 2019 2436 2068 dem Amtsgericht Anzeige zu machen.
1751 2064 2467 2116 Frankenthal, 27. Dezember 1905.
2058 2111 2410 2156 Kgl. Amtsgericht.
1705 2172 1853 2218 [74528]
2402 2165 2754 2212 F 250/1905. 3440.
2115 2168 2343 2213 Aufgebot.
1751 2213 2753 2264 Der Auguſt Beuttenmüller, Zimmermann in Jag⸗
1704 2260 2752 2311 haus, Gde. Oberrot, O.⸗A. Gaildorf, hat beantragt,
1705 2311 1960 2358 ſeine Brüder
1751 2353 2753 2403 1) den verſchollenen Thomas Beuttenmüller,
1704 2396 2753 2450 Gerber, geb. am 19. Juni 1856 zu Uhingen, O.⸗A.
1705 2451 1931 2496 Göppingen,
1750 2490 2753 2543 2) Johann Georg Beuttenmüller, Dienſtknecht,
1705 2537 2753 2590 geb. am 22. Auguſt 1859 zu Uhingen, O.⸗A. Göp⸗
1705 2592 1842 2636 pingen,
1752 2628 2753 2678 beide Söhne des Johann Georg Beuttenmüller,
1705 2675 2754 2728 früher Söldners in Jaghaus, zuletzt in Fornsbach,
1706 2722 2754 2776 beide zuletzt wohnhaft in Jaghaus, Gde. Oberrot,
1707 2768 2753 2816 O.⸗A. Gaildorf, von da 1879 nach Amerika gereiſt,
1706 2814 2754 2867 für tot zu erklären. Die bezeichneten Verſchollenen
1706 2861 2754 2910 werden aufgefordert, ſich ſpäteſtens in dem auf Frei⸗
1706 2909 2756 2960 tag, den 21. September 1906, Nachmittags
1706 2953 2754 3005 3 Uhr, vor dem unterzeichneten Gericht anbe⸗
1706 2999 2756 3051 raumten Aufgebotstermine zu melden, widrigenfalls
1705 3045 2757 3095 die Todeserklärung erfolgen wird. An alle, welche
1706 3092 2757 3144 Auskunft über Leben oder Tod der Verſchollenen zu
1706 3138 2757 3189 erteilen vermögen, ergeht die Aufforderung, ſpäteſtens
1706 3182 2756 3235 im Aufgebotstermine dem Gericht Anzeige zu machen.
1753 3231 2481 3282 Gaildorf, den 23. Dezember 1905.
2000 3277 2483 3326 Königliches Amtsgericht.
2026 3325 2460 3373 Hilfsrichter Renner.
1707 3400 1858 3448 [74550]
2127 3391 2357 3442 Aufgebot.
1756 3437 2760 3490 Nr. 52 992. Der Taglöhner Daniel Schmitt in
1712 3482 2758 3540 Gauangelloch hat beantragt, ſeinen verſchollenen
1708 3531 2763 3583 Bruder Georg Ernſt Schmitt, Schreiner, zuletzt
1710 3576 2759 3629 wohnhaft in Gauangelloch, für tot zu erklären. Der
1713 3623 2762 3676 bezeichnete Verſchollene wird aufgefordert, ſich ſpä⸗
1713 3670 2761 3721 teſtens in dem auf Freitag, den 13. Juli 1906,
1713 3715 2761 3767 Vormittags 10 Uhr, vor dem unterzeichneten
1714 3759 2761 3816 Gericht, Abt. IV, Zimmer Nr. 4, anberaumten Auf⸗
1714 3807 2761 3862 gebotstermine zu melden, widrigenfalls die Todes⸗
1712 3854 2764 3906 erklärung erfolgen wird. An alle, welche Auskunft
1714 3898 2766 3951 über Leben oder Tod des Verſchollenen zu erteilen ver⸗
1714 3945 2762 4000 mögen, ergeht die Aufforderung, ſpäteſtens im Auf⸗
1715 3992 2639 4047 gebotstermine dem Gericht Anzeige zu machen.
1761 4040 2528 4092 Heidelberg, den 16. Dezember 1905.
2042 4085 2448 4133 Großh. Amtsgericht.
2156 4134 2325 4175 Schott.
1716 4206 1863 4253 [74226]
2144 4201 2373 4246 Aufgebot.
1764 4244 2764 4298 1) Der Kaufmann Chriſtian Friedrich Guſtav
1716 4293 2176 4343 Tamm in Döbeln und
1762 4334 2764 4390 2) der Berginvalide Ferdinand Friedrich Martin
1718 4383 2767 4433 Steinmüller in Zwickau und Genoſſen als Erben
1716 4429 2765 4478 der am 25. November 1899 in Lobenſtein ledigen
1718 4476 2764 4526 Standes verſtorbenen Marie Johanne Steinmüller,
1717 4522 2765 4572 vertreten durch den Amtsſchulzen Heinrich Matſel in
1717 4575 1923 4620 Lobenſtein,
1767 4615 2766 4666 haben das Aufgebotsverfahren zur Herbeiführung
1718 4665 2299 4710 der Todeserklärung und zwar
1766 4707 2768 4759 erſterer ſeiner Mutter Emilie Sophie Henriette
1721 4754 2768 4807 geb. Fröb, ſpäter verehel. Köcher, geboren am
1720 4799 2767 4851 26. September 1819 in Lobenſtein, die ſeit ungefähr
1721 4847 2768 4897 50 Jahren von Lobenſtein nach Amerika ausgewandert
1722 4892 2604 4942 und ſeit dem 20. März 1878 verſchollen iſt,
1769 4941 2260 4985 und die zu 2 Genannten
1769 4984 2767 5037 1) des im Jahre 1842 in Lichtenberg geborenen
1723 5033 2320 5081 Wilhelm Chriſtoph Martin,
1768 5076 2767 5129 2) der am 27. Oktober 1845 in Lobenſtein ge⸗
1723 5122 2556 5173 borenen Wilhelmine Chriſtiane Dorothee,
1771 5168 2768 5221 3) des am 6. März 1851 in Lobenſtein geborenen
1725 5217 2248 5269 Friedrich Auguſt Theodor,
1773 5263 2397 5313 Geſchwiſter Steinmüller, und
1771 5305 2771 5359 4) der am 17 Auguſt 1862 in Lobenſtein geborenen
1726 5353 2773 5402 Lina Thereſe Henriette Steiumüller, auch Ott
1727 5406 1892 5453 genannt,
1773 5444 2773 5494 welche ſämtlich ledigen Standes von Lobenſtein
1729 5492 2777 5544 nach Amerika ausgewandert und ſeit mehr denn
1732 5539 2267 5587 16 Jahren verſchollen ſind,
1777 5583 2777 5633 beantragt. Die vorgenannten fünf Verſchollenen
1731 5629 2778 5677 werden hiermit aufgefordert, ſich ſpäteſtens in dem
1733 5676 2778 5726 auf Dienstag, den 3. Juli 1906, Vormittags
1735 5722 2777 5771 11 Uhr, vor dem unterzeichneten Gerichte an⸗
1734 5768 2776 5815 beraumten Aufgebotstermine zu melden, widrigen⸗
1734 5814 2779 5866 falls ihre Todeserklärung erfolgen wird. Zugleich
1732 5859 2782 5911 ergeht an alle die, welche Auskunft über Leben oder
1734 5905 2781 5954 Tod der Verſchollenen zu erteilen vermögen, die
1735 5951 2779 6005 Aufforderung, ſpäteſtens im Aufgebotstermine dem
1736 5997 2460 6048 Gerichte hiervon Anzeige zu machen.
1781 6044 2516 6093 Lobenſtein, den 7. Dezember 1905.
1987 6089 2539 6138 Das Fürſtliche Amtsgericht.
2181 6137 2348 6179 Meyer.
1738 6210 1886 6257 [74551]
2158 6200 2386 6251 Aufgebot.
1783 6251 2783 6300 Nr. 32 913. Das Gr. Amtsgericht Schwetzingen
1739 6297 2784 6347 hat folgendes Aufgebot erlaſſen: Der Gärtner Herr⸗
1738 6343 2785 6392 mann Reinle in Schwetzingen hat beantragt, den
1740 6390 2786 6436 verſchollenen Georg Peter Reinle, zuletzt wohnhaft
1740 6435 2787 6488 in Schwetzingen, für tot zu erklären. Der bezeichnete
1742 6481 2787 6532 Verſchollene wird aufgefordert, ſich ſpäteſtens in dem
1741 6528 2787 6578 auf Mittwoch, den 4. Juli 1906, Vormittags
1741 6571 2789 6624 9 Uhr, vor dem unterzeichneten Gericht anbe⸗
1740 6619 2788 6667 raumten Aufgebotstermine zu melden, widrigenfalls
1741 6665 2789 6715 die Todeserklärung erfolgen wird. An alle, welche
2808 466 3868 526 Auskunft über Leben oder Tod des Verſchollenen zu
2809 519 3867 570 erteilen vermögen, ergeht die Aufforderung, ſpä⸗
2808 565 3871 617 teſtens im Aufgebotstermine dem Gerichte Anzeige
2807 616 3015 665 zu machen.
2855 659 3675 709 Schwetzingen, den 20. Dezember 1905.
2938 705 3748 753 Der Gerichtsſchreiber Gr. Amtsgerichts:
3125 752 3547 799 Büchner, Sekretär.
2806 824 2956 872 [74529]
3132 822 3531 868 Bekanntmachung.
2851 863 3868 914 Am 8. Juni 1904 iſt zu Demmin im Kranken⸗
2808 911 3865 962 hauſe der Arbeiter Friedrich Krüger geſtorben. Er
2807 958 3867 1006 iſt am 3. Februar 1839 zu Grammentin geboren.
2807 1005 3866 1052 Da ein Erbe des Nachlaſſes bisher nicht ermittelt
2807 1051 3868 1100 iſt, werden diejenigen, welchen Erbrechte an dem
2807 1097 3864 1146 Nachlaß zuſtehen, aufgefordert, die Rechte bis zum
2809 1143 3865 1193 7. März 1906, Vormittags 9 Uhr, bei dem
2807 1189 3866 1239 unterzeichneten Gerichte zur Anmeldung zu bringen,
2807 1235 3867 1286 widrigenfalls die Feſtſtellung erfolgen wird, daß ein
2807 1281 3865 1331 anderer Erbe als der Preußiſche Fiskus nicht vor⸗
2806 1326 3866 1377 handen iſt. Der reine Nachlaß beträgt ungefähr
2804 1379 2947 1420 650 ℳ
2853 1420 3567 1467 Demmin, den 23. Dezember 1905.
3099 1466 3582 1514 Königliches Amtsgericht.
2804 1550 2956 1599 [74526]
3224 1547 3453 1593 Aufgebot.
2851 1591 3865 1641 Durch Urteil des Königlichen Amtsgerichts zu
2809 1637 3862 1688 Löbau Weſtpr. vom 7. Mai 1885 iſt der wahrſchein⸗
2806 1685 3865 1737 lich ſchon im Jahre 1812 als Landwehrmann in
2811 1732 3867 1781 Warſchau verſtorbene Johann Jankowski aus
2808 1777 3866 1826 Kielpin für tot erklärt worden. Da ein Erbe ſeines
2810 1824 3865 1875 Nachlaſſes bisher nicht ermittelt iſt, werden diejenigen,
2807 1869 3869 1917 welchen Erbrechte an dem Nachlaß zuſtehen, aufge⸗
2810 1917 3864 1966 fordert, dieſe Rechte bis zum 1. April 1906
2809 1963 3865 2011 bei dem unterzeichneten Gericht zur Anmeldung zu
2810 2008 3865 2061 bringen, widrigenfalls die Feſtſtellung erfolgen wird,
2812 2055 3865 2108 daß ein anderer Erbe als der preußiſche Fiskus nicht
2809 2100 3865 2151 vorhanden iſt. Der reine Nachlaß beträgt ungefähr
2805 2154 2943 2194 100 ℳ
2853 2194 3735 2242 Löbau, Weſtpr., den 18. Dezember 1905.
3087 2241 3566 2288 Königliches Amtsgericht.
2803 2327 2952 2374 [74780]
3591 2318 3864 2364 4 ⅩⅤⅠ 4. 18.
3131 2321 3532 2368 Bekanntmachung.
2851 2364 3864 2414 Der 1860 hier verſtorbene Geheime Juſtizrat
2804 2414 3863 2464 Herrmann Roesler von hier hat durch Kodizill vom
2807 2460 3864 2509 1. März 1859 beſtimmt, daß ein ſeiner Nichte Natalie
2805 2506 3864 2555 von Donat, geb. Schwenzner, ausgeſetzt geweſenes
2806 2553 3864 2605 Prälegat von ſechstauſend Talern nach dem Tode
2804 2598 3864 2649 ſeiner Frau, Anna geb. Richter, dem Gericht als eine
2806 2645 3864 2695 Stiftung zur Unterſtützung unverheirateter Töchter:
2855 2693 3649 2741 1) der genannten Natalie von Donat,
2852 2738 3863 2789 2) des Fabrikbeſitzers Heinrich Richter, damals
2804 2787 3094 2834 zu Cunersdorf,
2857 2830 3864 2881 3) der Kinder des Bürgermeiſters Alexander
2809 2878 3404 2927 Richter, damals in Breslau,
2855 2921 3863 2973 4) des Kreisgerichtsrats Oswald Kloſe, damals
2806 2972 3029 3018 Ottmachau,
2852 3014 3862 3065 5) der Frau Staatsanwalt Valerie von Wind⸗
2806 3063 3338 3114 heim, damals in Ratibor,
2854 3106 3863 3157 und ehelicher weiterer Nachkommen dieſer 5 Per⸗
2808 3154 3863 3204 ſonen weiblichen Geſchlechts und ledigen Standes
2809 3200 3865 3252 übergeben werde. Am 14. Juni 1904 iſt das letzte
2810 3246 3863 3297 Fräulein von Donat aus der Ehe der Frau Natalie
2810 3291 3868 3344 geb. Schwenzner verſtorben und damit der vor⸗
2809 3339 3865 3390 geſehene Zeitpunkt des Inkrafttretens der Stiftung
2809 3386 3866 3437 eingetreten. Nach Verordnung des Stifters, der
2809 3432 3864 3481 noch einen Zinsertrag von 5 % annimmt, ſollen an
2808 3475 3865 3526 eine oder höchſtens 2 Anwärterinnen aus den Zinſen
2809 3522 3868 3572 der Stiftung Penſionen von mindeſtens jährlich
2811 3570 3868 3619 120 Talern gezahlt werden. Die zur Ausführung
2811 3615 3867 3667 dieſer Anordnung notwendigen Anträge ſollte
2809 3662 3866 3710 der Teſtamentsexekutor ſtellen; derſelbe iſt vor⸗
2809 3708 3868 3756 her verſtorben. Weitere letztwillige Verordnungen
2810 3754 3865 3801 über die Bildung und Zuſtändigkeit des Vor⸗
2810 3800 3865 3849 ſtandes der Stiftung fehlen im Kodizill vom
2810 3846 3866 3895 1. März 1859. Nachdem infolge gerichtlicher Be⸗
2813 3892 3866 3943 ſchlüſſe die Angelegenheit ſchwebend geblieben,
2814 3938 3867 3990 erging am 18. Mai 1905 eine Entſcheidung des
2814 3985 3868 4034 Kammergerichts, in Verfolg deren Major a. D.
2812 4027 3866 4077 von Donat für ſeine Töchter, Major a. D. von
2817 4077 3869 4126 Goeffel als Bevollmächtigter ſeiner Tochter Maria
2816 4123 3868 4174 erneut auf gerichtliche Beſchlußfaſſung, Bildung und
2816 4169 3866 4218 Genehmigung der Stiftung antragſtellig geworden
2815 4215 3868 4264 ſind. Gemäß Artikel 1 bis 4 Pr. Ausf.⸗Geſ. zum
2819 4260 3868 4308 B. G.⸗B., insbeſondere § 2 Art. 1 l. c. Abſ. 3
2817 4308 3868 4355 fordert das Amtsgericht die Mitglieder der bezeichneten
2817 4353 3870 4405 Familien auf, bei Beibringung der zum Nachweis
2816 4400 3871 4448 der Verwandtſchaft erforderlichen kirchlichen und
2816 4447 3872 4497 Perſonenſtandsurkunden in dem Geſchäftszimmer
2817 4493 3870 4540 Nr. 16 des Amtsgerichts den 28. März 1906,
2819 4538 3872 4588 Vormittags 9 Uhr, zu der Angelegenheit ſich zu
2818 4585 3873 4633 erklären, widrigenfalls ihnen gegen die ergehende
2818 4630 3873 4679 Entſcheidung die Beſchwerde nicht zuſteht. Der Ent⸗
2819 4678 3873 4725 wurf der Stiftungsurkunde liegt mit den Akten zur
2819 4726 3098 4773 Einſicht offen.
2865 4770 3612 4821 Leobſchütz, den 20. Dezember 1905.
3106 4817 3584 4861 Königliches Amtsgericht.
2823 4888 2976 4935 [74744]
3153 4884 3546 4932 Bekanntmachung.
2864 4930 3875 4977 Ueber den Nachlaß des am 23. Oktober 1905 zu
2821 4976 3877 5023 Weener verſtorbenen Winterſchuldtrektors Rudolf
2820 5023 3876 5072 Schroer aus Weener iſt die Nachlaßverwaltung an⸗
2820 5069 3877 5120 geordnet. Zum Nachlaßverwalter iſt der Bureau⸗
2820 5116 3721 5164 vorſteher Hans Muſtert aus Weener beſtellt.
2868 5162 3482 5208 Weener, 28. Dezember 1905.
3064 5208 3631 5256 Königliches Amtsgericht. II.
2824 5280 2974 5327 [74527]
2868 5318 3880 5371 Durch Ausſchlußurteil vom 8. Dezember 1905 iſt
2826 5368 3879 5415 der am 18. März 1844 in Berlin geborene Klempner⸗
2826 5412 3879 5463 meiſter Friedrich Krüger für tot erklärt worden.
2827 5460 3879 5508 Als Todestag iſt der 31. Dezember 1904 feſtgeſtellt.
2877 5509 3761 5555 Charlotteuburg, den 15. Dezember 1905.
2964 5554 3750 5601 Königliches Amtsgericht. Abteilung 19.
2828 5625 2981 5673 [74525]
2877 5665 3883 5717 Durch Ausſchlußurteil des unterzeichneten Gerichts
2827 5711 3885 5761 vom 18. Dezember 1905 iſt der Hinterlegungsſchein
2829 5760 3886 5809 vom 17. Auguſt 1877 üder die Hinterlegung der von
2830 5807 3886 5853 der Deutſchen Lebensverſicherungsgeſellſchaft zu Lübeck
2827 5852 3887 5900 auf die Lebenszeit des Kaufmanns Karl Friedrich
2833 5898 3887 5946 Wilhelm Gottfried Witte in Berlin gezeichneten
2833 5945 3888 5996 Police Nr. 55 716 über 1000 Kuranttaler für kraft⸗
2834 5995 3053 6040 los erklärt.
2880 6037 3542 6083 Lübeck, den 18. Dezember 1905.
3095 6083 3631 6124 Das Amtsgericht. Abt. 8.
2834 6155 2986 6204 [74543]
3093 6151 3633 6199 Oeffentliche Zuſtellung.
2883 6199 3470 6247 Die nachgenannten Ehegatten
2883 6244 3893 6292 1) Auguſte Minna Eiſold, geb. Richter, in Bi⸗
2836 6289 3892 6339 ſchofswerda, vertreten durch Rechtsanwalt Juſtizrat
2838 6337 3799 6384 Seyfert in Bautzen als Prozeßbevollmächtigten,
2883 6383 3891 6430 2) Anna Marie Gubſch, geb. Stiller, in Seidau,
2837 6427 3893 6477 vertreten durch Rechtsanwalt Klemm in Bautzen als
2840 6476 3308 6526 Prozeßbevollmächtigten,
2885 6520 3893 6569 klagen gegen ihre Ehemänner, deren jetziger Auf⸗
2841 6566 3271 6614 enthalt unbekannt iſt,
2884 6612 3896 6661 zu 1 den Arbeiter Ernſt Guſtav Eiſold, zuletzt
2839 6661 3175 6708 in Niederputzkau,
3963 462 4973 515 zu 2 den Fahrradſchloſſer Alwin Bernhard
3917 515 4477 563 Gubſch, zuletzt in Bautzen,
3962 556 4977 606 auf Grund § 1568 B. G.⸗Bs. mit dem Antrage
3916 602 4973 655 auf Scheidung der Ehe. Sie laden die Beklagten
3916 649 4973 702 zur mündlichen Verhandlung des Rechtsſtreits vor
3915 694 4974 746 die zweite Zivilkammer des Königlichen Landgerichts
3917 742 4971 795 Bautzen zu dem auf den 26. Februar 1906,
3915 785 4973 839 Vormittags ½ 10 Uhr, anberaumten Termin mit
3915 833 4974 886 der Aufforderung, je einen bei dem Prozeßgerichte
3915 877 4973 934 zugelaſſenen Rechtsanwalt zu beſtellen. Zum Zwecke
3914 925 4976 978 der öffentlichen Zuſtellung wird dieſer Auszug der
3913 971 4938 1027 Klage bez. des Ladungsſchriftſatzes bekannt gemacht.
3939 1015 4950 1071 Der Gerichtsſchreiber des Königlichen Landgerichts
4093 1066 4795 1112 Bautzen, am 27. Dezember 1905.
3912 1130 4063 1177 [74547]
4170 1124 4709 1174 Oeffentliche Zuſtellung.
3960 1167 4972 1222 Die Frau Agnes Irmler, geborene Kaufmann, in
3914 1214 4975 1269 Langenbielau, Prozeßbevollmächtigter: Rechtsanwalt
3915 1260 4972 1315 Siegfried Reimer in Berlin, klagt in den Akten
3914 1306 4971 1360 70. R 322. 05 gegen ihren Ehemann, den Kaufmann
3916 1353 4973 1407 Guſtav Adolf Irmler, früher in Berlin, jetzt un⸗
3915 1398 4972 1448 bekannten Aufenthalts, auf Grund der §§ 1567
3915 1445 4974 1501 Ziff. 2 und 1568 Bürgerlichen Geſetzbuchs, mit dem
3916 1493 4972 1545 Antrage, die Ehe der Parteien zu trennen und zu
3916 1537 4973 1591 entſcheiden, daß der Beklagte die Schuld an der
3916 1584 4972 1639 Scheidung trägt. Die Klägerin ladet den Beklagten
3916 1629 4972 1684 zur mündlichen Verhandlung des Rechtsſtreits vor die
3916 1675 4971 1732 34. Zivilkammer des Königlichen Landgerichts I in
3916 1721 4972 1776 Berlin, Zivilgerichtsgebäude, Grunerſtraße, II. Stock,
3915 1770 4971 1824 Zimmer 2/4, auf den 6. März 1906, Vormittags
3916 1816 4969 1869 10 ½ Uhr, mit der Aufforderung, einen bei dem ge⸗
3915 1860 4970 1915 dachten Gerichte zugelaſſenen Anwalt zu beſtellen.
3915 1907 4974 1962 Zum Zwecke der öffentlichen Zuſtellung wird dieſer
3914 1955 4616 2006 Auszug der Klage bekannt gemacht.
3959 2003 4636 2051 Berlin, den 28. Dezember 1905.
4155 2046 4735 2095 Dowaldt, Gerichtsſchreiber
3942 2093 4937 2144 des Königlichen Landgerichts Ⅰ. Zivilkammer 34.
3914 2168 4060 2216 [74541]
4172 2161 4712 2211 Oeffentliche Zuſtellung.
3959 2207 4972 2259 Die Ehefrau des Maſchiniſten Wilhelm Johann
3913 2253 4971 2306 Chriſtian Nilſſon, Adolphine Catharina geb.
3913 2299 4974 2355 Hurrelmann, in Bremen, vertreten durch den Rechts⸗
3913 2346 4972 2398 anwalt Dr. Hartlaub in Bremen, klagt gegen ihren
3914 2391 4973 2444 Ehemann, früher in Bremen, jetzt unbekannten Auf⸗
3913 2439 4972 2492 enthalts, mit dem Antrage: die Ehe der Parteien
3913 2486 4973 2540 wegen böslicher Verlaſſung ſeitens des Beklagten
3913 2531 4973 2584 dem Bande nach zu ſcheiden, auch den Beklagten für
3912 2579 4971 2629 den allein ſchuldigen Teil zu erklären, und ladet den
3912 2623 4970 2678 Beklagten zur mündlichen Verhandlung des Rechts⸗
3913 2672 4973 2723 ſtreits vor das Landgericht, Zivilkammer III, zu
3912 2715 4978 2769 Bremen, im Gerichtsgebäude, 1. Obergeſchoß, auf
3913 2765 4973 2815 Donnerstag, den 8. März 1906, Vormittags
3913 2810 4972 2863 9 ½ Uhr, mit der Aufforderung, einen bei dieſem
3913 2856 4972 2908 Gerichte zugelaſſenen Rechtsanwalt zu beſtellen. Zum
3912 2902 4972 2957 Zwecke der öffentlichen Zuſtellung wird dieſer Auszug
3912 2951 4453 3002 der Klage bekannt gemacht.
3960 2997 4665 3044 Bremen, den 29. Dezember 1905.
4053 3041 4834 3089 Der Gerichtsſchreiber des Landgerichts:
4007 3089 4614 3142 (L. S.) Haake, Sekretär.
3909 3165 4062 3210 [74548]
4166 3155 4709 3207 Oeffentliche Zuſtellung.
3960 3202 4974 3253 Die Ehefrau des Schloſſers Wilhelm Friſchholz,
3913 3248 4973 3304 Helene geborene Hubert, zu Caſſel, Prozeßbevoll⸗
3913 3295 4979 3349 mächtigter: Rechtsanwalt Dr. Lepy zu Caſſel, klagt
3914 3342 4974 3396 gegen ihren Ehemann, den Schloſſer Wilhelm
3914 3389 4976 3444 Friſchholz, z. Zt. unbekannten Aufenthalts, unter
3915 3435 4975 3486 der Behauptung, der Beklagte habe ſich ſeit dem
3915 3480 4972 3531 25. März 1904 in böswilliger Abſicht von der häus⸗
3915 3525 4974 3578 lichen Gemeinſchaft fern gehalten, und ſei ſein Auf⸗
3915 3574 4972 3624 enthaltsort ſeit dieſer Zeit unbekannt, mit dem An⸗
3919 3618 4976 3673 trage, die am 21. Dezember 1895 geſchloſſene Ehe
3917 3665 4974 3718 zu ſcheiden und den Beklagten für den ſchuldigen
3918 3712 4975 3762 Teil zu erklären. Die Klägerin ladet den Beklagten
3914 3756 4976 3809 zur mündlichen Verhandlung des Rechtsſtreits vor die
3915 3802 4975 3856 2. Zivilkammer des Königlichen Landgerichts zu Caſſel
3915 3850 4977 3900 auf den 24. März 1906, Vormittags 9 Uhr,
3917 3895 4974 3946 mit der Aufforderung, einen bei dem gedachten Ge⸗
3915 3940 4981 3995 richte zugelaſſenen Anwalt zu beſtellen. Zum Zwecke
3913 3986 4979 4039 der öffentlichen Zuſtellung wird dieſer Auszug der
3916 4037 4372 4085 Klage bekannt gemacht.
3965 4083 4627 4131 Caſſel, den 27. Dezember 1905.
4107 4127 4800 4176 Geißel, Aktuar, Gerichtsſchreiber
3978 4174 4914 4223 des Königlichen Landgerichts. Zivilkammer ⅠⅠ.
3919 4236 4067 4282 [74738]
4179 4233 4719 4277 Oeffentliche Zuſtellung.
3962 4276 4980 4327 Der Taglöhner Karl Wilhelm Eiſele in Heslach,
3922 4323 4981 4374 z. Zt. Strafgefangener im Landesgefängnis in Hall,
3922 4369 4983 4418 vertreten durch Rechtsanwalt Dr. Erlanger hier,
3922 4417 4980 4467 klagt gegen ſeine Ehefrau Margarete Eiſele, ge⸗
3926 4462 4981 4510 borene Stenzer, von Birkach, Bezirksamts Augsburg,
3923 4509 4979 4558 zur Zeit mit unbekanntem Aufenthalt abweſend, wegen
3924 4555 4985 4605 Eheſcheidung, mit dem Antrage, für Recht zu er⸗
3924 4601 4981 4648 kennen: die von den Parteien zu Zuffenhauſen am
3927 4647 4980 4697 12. April 1900 geſchloſſene Ehe wird wegen Ehe⸗
3924 4694 4981 4743 bruchs der Beklagten dem Bande nach geſchieden,
3924 4740 4982 4790 die Beklagte trägt allein die Schuld an der Scheidung,
3925 4786 4982 4835 und ladet die Beklagte zur mündlichen Verhandlung
3925 4831 4980 4883 des Rechtsſtreits vor die Ⅰ. Zivilkammer des König⸗
3925 4880 4984 4930 lichen Landgerichts zu Stuttgart auf Freitag, den
3927 4925 4988 4975 23. März 1906, Vormittags 9 Uhr, mit der
3926 4970 4981 5022 Aufforderung, einen bei dem gedachten Gerichte zuge⸗
3926 5020 4496 5069 laſſenen Anwalt zu beſtellen.
3973 5065 4711 5115 Stuttgart, den 28. Dezember 1905.
4349 5112 4556 5158 Wagner,
3999 5155 4911 5206 Gerichtsſchreiber des Königlichen Landgerichts.
3928 5229 4078 5278 [74743]
3977 5269 4984 5321 1) Der minderjährige Philipp Steinbuſch, ver⸗
3931 5316 4986 5367 treten durch ſeinen Vormund, den Bergmann Joſef
3931 5362 4985 5412 Steinbuſch zu Mariadorf, 2) das Zimmermädchen
3932 5408 4987 5458 Sibilla Steinbuſch zu Aachen, beide im Prozeſſe
3930 5457 4987 5503 vertreten durch den Rechtsanwalt Winkelmann zu
3933 5502 4988 5552 Dortmund, klagen gegen den Portier Eduard
3934 5548 4988 5599 Grajetzki, früher zu Dortmund, jetzt unbekannten
3934 5594 4989 5643 Aufenthalts, auf Zahlung von Alimenten, Ent⸗
3932 5642 4988 5690 bindungs⸗ und Unterhaltskoſten ꝛc. auf Grund der
3934 5688 4989 5736 Behauptung, daß Beklagter der Klägerin zu 2 inner⸗
3935 5733 4987 5780 halb der geſetzlichen Empfängniszeit vom 16. No⸗
3933 5779 4987 5828 vember 1901 bis 17. März 1902 außerehelich bei⸗
3936 5827 4989 5875 gewohnt habe und ſomit der Vater des von der
3936 5873 4990 5920 Klägerin zu 2 am 14. September 1902 geborenen
3936 5918 4988 5967 Sohnes — des Klägers zu 1 — ſei, mit dem An⸗
3937 5965 4955 6015 trage: den Beklagten koſtenpflichtig zu verurteilen:
3986 6012 4995 6061 1) an den Kläger zu 1 an jährlichen Alimenten
3938 6058 4991 6105 vom 14. September 1902 ab bis zum vollendeten
3942 6103 4993 6150 16. Lebensjahre die Summe von 180 ℳ, zahlbar in
3938 6150 4844 6198 vierteljährlichen Vorauszahlungen von 45 ℳ,
3985 6194 4992 6245 2) das Urteil in Anſehung des vorgenannten An⸗
3941 6242 4993 6292 ſpruchs, ſoweit die Unterhaltskoſten für die Zeit
3943 6288 4994 6337 nach der Erhebung der Klage und das der Erhebung
3940 6334 4997 6382 der Klage vorausgehende Vierteljahr gefordert
3941 6381 4861 6428 werden, für vorläufig vollſtreckbar zu erklären,
3988 6427 4994 6475 3) an die Klägerin zu 2 die Summe von 261 ℳ
3941 6473 4994 6519 nebſt 4 % Zinſen ſeit dem 1. Januar 1903 zu zahlen.
3988 6519 4995 6567 Die Kläger laden den Beklagten zur mündlichen
3942 6564 4996 6612 Verhandlung des Rechtsſtreits vor das Königliche
3941 6611 4996 6659 Amtsgericht in Dortmund auf den 7. März 1906,
3942 6655 4996 6705 Vormittags 9 Uhr, Zimmer Nr. 77. Zum Zwecke
5091 417 6153 503 der öffentlichen Zuſtellung wird dieſer Auszug der
5100 489 5549 544 Klage bekannt gemacht.
5145 524 5902 588 Dortmund, den 13. Dezember 1905.
5379 568 5874 629 Klaſen, Juſtizanwärter,
5118 610 6134 684 als Gerichtsſchreiber des Königlichen Amtsgerichts.
5091 693 5247 749 [74549]
5359 673 5894 732 Oeffentliche Zuſtellung.
5145 710 6149 788 1) Die Dienſtmagd Katharina Gieſe in Straß⸗
5094 753 6155 834 burg, Molsheimerſtraße 28 Ⅰ. und 2) Joſef Franziskus
5100 803 6158 878 Gieſe, geboren am 3. Mai 1905, vertreten durch ſeine
5102 847 6158 926 Vormünderin Dienſtmagd Katharina Gieſe in Straß⸗
5105 896 6159 972 burg, klagt gegen den Guſtav de Witte, Hoteldiener,
5103 941 6162 1022 zuletzt in Heidelberg wohnhaft geweſen, zur Zeit an
5106 985 6164 1061 unbekannten Orten, unter der Behauptung, daß der
5109 1030 6167 1109 Beklagte als Vater des Klägers zu 2 zu deſſen
5111 1073 6168 1152 Unterhalt gemäß § 1708 ff. B. G.⸗B. und gemäß
5112 1126 6164 1205 § 1715 B. G.⸗B. der Klägerin zu 1 gegenüber zur
5115 1171 6164 1255 Zahlung der Koſten der Entbindung und des Unter⸗
5113 1220 6165 1298 halts für die erſten 6 Wochen nach derſelben ver⸗
5111 1261 6167 1343 pflichtet ſei, mit dem Antrage, den Beklagten koſten⸗
5114 1310 6171 1389 fällig durch vorläufig vollſtreckbar erklärtes Urteil zu
5116 1354 6178 1430 verurteilen, der Klägerin zu 1 den Betrag von 130 ℳ
5117 1403 6171 1475 und dem Kläger zu 2 von ſeiner Geburt an bis zur
5120 1448 6174 1522 Vollendung ſeines 16. Lebensjahrs als Unterhalt eine
5120 1496 6175 1568 im voraus am 3. Mai, 3. Auguſt, 3. November und
5123 1545 6176 1617 3. Februar eines jeden Jahres fällige Geldrente von
5121 1587 6174 1661 vierteljährlich 60 ℳ und zwar die rückſtändigen Be⸗
5124 1635 6179 1709 träge ſofort zu bezahlen, und laden den Beklagten
5127 1683 6179 1757 zur mündlichen Verhandlung des Rechtsſtreits vor
5128 1725 6184 1796 das Großh. Amtsgericht zu Heidelberg, II. Stock,
5127 1774 6182 1848 Zimmer Nr. 18, auf Dienstag, den 6. März
5129 1822 6183 1892 1906, Vormittags 9 Uhr. Zum Zwecke der
5132 1867 6185 1939 öffentlichen Zuſtellung wird dieſer Auszug der Klage
5131 1915 6183 1987 bekannt gemacht. Den Klägern wurde das Armen⸗
5133 1976 5418 2034 recht bewilligt.
5180 2011 5934 2079 Heidelberg, den 23. Dezember 1905.
5228 2064 5823 2126 (L. S.) Rittelmann,
5243 2100 6096 2169 Gerichtsſchreiber des Großh. Amtsgerichts.
5137 2190 5288 2247 [74545]
5394 2171 5941 2233 Oeffentliche Zuſtellung.
5187 2215 6194 2282 Des Kaufmanns Bernhard Ulrich zu Berlin,
5143 2263 6195 2332 Stallſchreiberſtr. 38, Klägers, Prozeßbevollmächtigter:
5142 2302 6194 2377 Rechtsanwalt Stolte zu Berlin SW. 12, Mark⸗
5142 2355 6198 2429 grafenſtr. 100, klagt gegen den Schneider Abertus
5145 2398 6197 2475 (Anton) Pilacziuski, früher in Berlin, Grünſtr. 20,
5148 2447 6200 2516 wohnhaft geweſen, jetzt unbekannten Aufenthalts,
5150 2494 6203 2564 Beklagten, unter der Behauptung, daß Beklagter
5151 2540 6204 2612 ihm aus Warenkäufen noch 581,10 ℳ verſchulde, mit
5150 2611 5422 2656 dem Antrage:
5200 2633 6206 2704 1) den Beklagten koſtenpflichtig zu verurteilen, an
5153 2678 6207 2750 Kläger 581,10 ℳ nebſt 5 vom Hundert Zinſen ſeit
5155 2731 5887 2792 dem 15. September 1903 zu zahlen,
5199 2768 6209 2839 2) das Urteil ev. gegen Sicherheitsleiſtung für vor⸗
5156 2830 5772 2888 läufig vollſtreckbar zu erklären.
5203 2862 6211 2931 Der Kläger ladet den Beklagten zur mündlichen
5159 2911 6212 2976 Verhandlung des Rechtsſtreits vor die 8. Kammer
5158 2956 6215 3030 für Handelsſachen des Königlichen Landgerichts Ⅰ
5159 3006 6214 3072 in Berlin, Neue Friedrichſtr. 16/17, ⅠⅠ Treppen,
5161 3053 6213 3123 Zimmer 55, auf den 23. März 1906, Vor⸗
5162 3096 6219 3166 mittags 11 Uhr, mit der Aufforderung, einen bei
5163 3143 6213 3212 dem gedachten Gerichte zugelaſſenen Anwalt zu be⸗
5166 3190 6217 3260 ſtellen. Zum Zwecke der öffentlichen Zuſtellung wird
5162 3235 6220 3303 dieſer Auszug der Klage bekannt gemacht. — Akten⸗
5167 3297 5642 3353 zeichen: 52. O. 419. 05.
5212 3334 5888 3393 Berlin, den 23. Dezember 1905.
5539 3382 5848 3429 Steinhauff,
5219 3420 6175 3487 Gerichtsſchreiber des Königlichen Landgerichts I.
5168 3500 5315 3548 [74742]
5927 3478 6225 3526 3 C 1222/05. 4.
5362 3485 5897 3542 Oeffentliche Zuſtellung.
5214 3526 6228 3587 Der Kaufmann Joſef Peiſſert in Bonn, Heer⸗
5171 3571 6227 3640 ſtraße 61, Prozeßbevollmächtigter: Rechtsanwalt
5174 3619 6229 3681 Brink daſelbſt, klagt gegen den Ingenieur Franz
5174 3662 6231 3729 Settels jun., Inhaber eines Inſtallationsbureaus,
5175 3712 6229 3777 früher in Bonn, jetzt ohne bekannten Wohn⸗ und
5175 3756 6229 3824 Aufenthaltsort, auf Grund rückſtändiger Miete, mit
5175 3800 6232 3866 dem Antrage auf Zahlung von 135, — ℳ und Rück⸗
5178 3849 6231 3919 ſchaffung der Maſchinen ꝛc. in die Mieträume. Der
5179 3895 6233 3962 Kläger ladet den Beklagten zur mündlichen Verhand⸗
5178 3941 6233 4005 lung des Rechtsſtreits vor das Königliche Amtsgericht
5180 3991 6237 4053 in Bonn auf den 30. März 1906, Vormittags
5182 4035 6238 4100 9 Uhr. Zum Zwecke der öffentlichen Zuſtellung wird
5183 4085 6016 4142 dieſer Auszug der Klage bekannt gemacht.
5230 4136 5889 4187 Bonn, den 27. Dezember 1905.
5275 4183 5805 4238 (L. S.) Bayer,
5186 4220 6245 4285 Gerichtsſchreiber des Königlichen Amtsgerichts. Abt. 3.
5184 4308 5331 4356 [74740]
5441 4292 5986 4351 Oeffentliche Zuſtellung.
5232 4338 6241 4396 Der Wirt Andreas Fink zu Bremen, Buntentors⸗
5188 4383 6245 4446 ſteinweg 120, vertreten durch die Rechtsanwälte Dres.
5190 4429 6249 4492 Dunkel, Schramm und Henſchen in Bremen, klagt
5191 4474 6245 4543 gegen den Steuermann Arnold Dieckvoß, früher in
5190 4521 6248 4585 Bremen, jetzt unbekannten Aufenthalts, aus Miet⸗
5193 4567 6251 4632 vertrag, mit dem Antrage, den Beklagten koſten⸗
5193 4613 6245 4680 pflichtig zur Zahlung von 101 ℳ nebſt 4 % Zinſen
5191 4661 6251 4727 ſeit dem Klagzuſtellungstage zu verurteilen, und ladet
5195 4708 6251 4769 den Beklagten zur mündlichen Verhandlung des
5196 4753 6249 4819 Rechtsſtreits vor das Amtsgericht zu Bremen, Ge⸗
5198 4801 6252 4862 richtshaus, I. Obergeſchoß, Zimmer Nr. 69 (Eingang
5199 4846 6254 4907 Oſtertorſtraße) auf Sonnabend, den 3. März
5199 4893 6254 4952 1906, Vormittags 9 ½ Uhr. Zum Zwecke der
5201 4937 6254 5002 öffentlichen Zuſtellung wird dieſer Auszug der Klage
5203 4999 5524 5047 bekannt gemacht.
5247 5035 5953 5088 Bremen, den 28. Dezember 1905.
5335 5079 6127 5136 Der Gerichtsſchreiber des Amtsgerichts:
5473 5129 5991 5180 Degenhardt, Sekretär.
5203 5198 5351 5245 [74535]
5461 5188 6003 5243 Oeffentliche Zuſtellung.
5249 5229 6261 5290 Die Firma A. Wolff & Co. in Gera (Reuß),
5206 5275 6262 5338 Prozeßbevollmächtigter: Rechtsanwalt Bürgermeiſter
5205 5324 6262 5380 a. D. Arnold Kretzſchmar in Dresden, klagt gegen
5206 5371 6263 5427 den Kaufmann Theodor Richter, früher in Dresden,
5209 5414 6263 5474 Kurfürſtenſtraße 39, III, jetzt unbekannten Auf⸗
5211 5463 6263 5520 enthalts, im Wechſelprozeſſe, unter der Behauptung,
5210 5507 6264 5570 daß ihr der Beklagte aus dem Wechſel vom 1. Sep⸗
5212 5555 6264 5611 tember 1905, fällig geweſen am 1. Dezember 1905,
5209 5600 6266 5656 über 180 ℳ, ausgeſtellt von der Klägerin, an⸗
5214 5645 6268 5707 genommen vom Beklagten, aus der Proteſturkunde
5212 5692 6268 5748 vom 4. Dezember 1905 und aus der Rückrechnung
5213 5738 6267 5795 vom 7. Dezember 1905, insgeſamt 188,68 ℳ, ſchulde,
5214 5782 6267 5841 mit dem Antrage, den Beklagten in vorläufig voll⸗
5216 5828 6270 5889 ſtreckbarer Form zur Zahlung von 180, — ℳ Wechſel⸗
5214 5876 6271 5936 ſtamm nebſt 6 % Zinſen ſeit dem 7. Dezember 1905
5217 5922 6270 5977 und 8 ℳ 68 ₰ Wechſelunkoſten zu verurteilen.
5217 5966 6272 6025 Die Klägerin ladet den Beklagten zur mündlichen
5219 6011 6273 6071 Verhandlung des Rechtsſtreits vor das Königliche
5217 6060 6273 6119 Amtsgericht zu Dresden, Lothringerſtraße 1, II,
5218 6106 6276 6165 Zimmer 168, auf den 24. Februar 1906, Vor⸗
5221 6163 5574 6206 mittags 9 Uhr.
5220 6195 6276 6254 Der Gerichtsſchreiber beim Königlichen Amtsgericht
5385 6247 6098 6297 Dresdeu, am 28. Dezember 1905.
5222 6312 5372 6359 [74539]
5980 6297 6278 6348 3. O. 389/05. 8.
5414 6305 5945 6357 Oeffentliche Zuſtellung.
5267 6347 6280 6402 Der Bäckermeiſter Heinrich Beiling in Frankfurt
5224 6392 6277 6449 a. M. — Prozeßbevollmächtigter: Rechtsanwalt Dr.
5227 6438 6281 6494 Wurzmann daſelbſt — klagt gegen den Bäcker Georg
5226 6485 6282 6542 Stephan, früher hier, jetzt unbekannten Aufenthalts,
5226 6530 6281 6585 unter der Behauptung, daß Beklagter infolge Rück⸗
5226 6577 6282 6631 tritts vom Kauf des Hauſes Mainzerlandſtraße 186
5228 6622 6282 6679 und Uebernahme der Stempel und Notariatskoſten,
6199 390 7266 466 welche Kläger verauslagt habe, dieſem 1142,40 ℳ
6199 443 7266 510 ſchulde, mit dem Antrage: den Beklagten zu ver⸗
6200 486 7267 552 urteilen, an den Kläger 1142,40 ℳ nebſt 4 % Zinſen
6203 533 7267 604 ſeit Klagezuſtellung zu zahlen, die Koſten des Rechts⸗
6203 582 7267 648 ſtreits zu tragen und das Urteil ohne eventuell gegen
6207 627 7269 693 Sicherheitsleiſtung für vorläufig vollſtreckbar zu
6203 668 7267 734 erklären. Der Kläger ladet den Beklagten zur münd⸗
6204 717 7268 783 lichen Verhandlung des Rechtsſtreits vor die 2. Zivil⸗
6205 762 7270 826 kammer des Königlichen Landgerichts in Frankfurt a. M.
6206 806 7271 873 auf den 30. März 1906, Vormittags 9 Uhr,
6207 856 7275 918 mit der Aufforderung, einen bei dem gedachten
6210 901 7275 965 Gerichte zugelaſſenen Anwalt zu beſtellen. Zum Zwecke
6209 950 7277 1010 der öffentlichen Zuſtellung wird dieſer Auszug der
6210 1006 6674 1059 Klage bekannt gemacht.
6259 1043 7178 1105 Frankfurt a. M., den 29. Dezember 1905.
6236 1085 7255 1150 Der Gerichtsſchreiber des Königlichen Landgerichts.
6215 1163 6365 1211 [74537]
6263 1187 7280 1255 Der praktiſche Arzt Dr. med. Steinert zu Görlitz,
6217 1237 7284 1302 Prozeßbevollmächtigter: Rechtsanwalt Jäckel daſelbſt,
6218 1286 7283 1349 klagt gegen den Rentier Friedrich Klingeberger,
6219 1330 7283 1393 früher zu Görlitz, Biesnitzer Fußweg 872, jetzt un⸗
6221 1375 7285 1435 bekannten Aufenthalts, unter der Behauptung, daß
6222 1422 7286 1485 ihm der Beklagte für ärztliche Bemühungen im
6224 1471 7290 1532 Jahre 1903 50 ℳ ſchulde, mit dem Antrage: den
6226 1517 7293 1578 Beklagten koſtenpflichtig zu verurteilen, an den
6225 1562 7296 1626 Kläger 50,00 ℳ nebſt 4 % Zinſen ſeit dem Tage
6227 1608 7292 1672 der Zuſtellung der Klage zu zahlen, und das Urteil
6229 1654 7295 1717 für vorläufig vollſtreckbar zu erklären. Der Kläger
6229 1700 7296 1760 ladet den Beklagten zur mündlichen Verhandlung
6230 1747 7297 1809 des Rechtsſtreits vor das Königliche Amtsgericht zu
6235 1794 7297 1857 Görlitz, Zimmer Nr. 60, auf den 9. März 1906,
6232 1839 7299 1901 Vormittags 9 Uhr. Zum Zwecke der öffentlichen
6235 1885 7302 1952 Zuſtellung wird dieſer Auszug der Klage bekannt
6236 1949 6394 1999 gemacht.
6285 1985 6976 2041 Görlitz, den 28. Dezember 1905.
6239 2019 7306 2087 Der Gerichtsſchreiber des Königlichen Amtsgerichts.
6240 2101 6389 2150 [74254]
6439 2087 6989 2147 Oeffentliche Zuſtellung.
7030 2080 7307 2133 C 1202/05. 1.
6289 2128 7308 2190 Die Firma Michael Bamberger & Cie., Uhren⸗
6243 2173 7309 2239 handlung, zu Frankfurt a. M., Eſchenheimer⸗Tor 3,
6244 2220 7308 2290 Prozeßbevollmächtigter: Rechtsanwalt Reinold in
6248 2269 7309 2331 Steele, klagt gegen den Uhrmacher Peter Heuſer,
6247 2314 7312 2382 früher in Königsſteele, jetzt unbekannten Aufenthalts,
6251 2359 7314 2423 unter der Behauptung, daß letzterer dem Kläger für
6251 2410 7314 2473 käuflich geliefert erhaltene Waren den Betrag von
6251 2453 7315 2519 299,50 ℳ ſchulde, mit dem Antrage: 1) den Be⸗
6252 2500 7316 2567 klagten koſtenpflichtig zu verurteilen, an die Klägerin
6252 2547 7319 2614 299,50 ℳ nebſt 5 % Zinſen ſeit dem Tage der
6255 2593 7318 2660 Klagezuſtellung ſowie 7,75 ℳ Proteſtkoſten zu zahlen,
6255 2638 7320 2705 2) das Urteil für vorläufig vollſtreckbar zu erklären.
6256 2686 7321 2750 Die Klägerin ladet den Beklagten zur mündlichen
6260 2732 7325 2797 Verhandlung des Rechtsſtreits vor das Königliche
6259 2780 7323 2845 Amtsgericht zu Steele auf den 3. April 1906,
6259 2824 7325 2890 Vormittags 9 Uhr. Zum Zwecke der öffentlichen
6262 2871 7329 2941 Zuſtellung wird dieſer Auszug der Klage bekannt
6262 2939 6421 2987 gemacht.
6311 2974 6986 3026 Steele, den 19. Dezember 1905.
6361 3021 7007 3078 (L. S.) Rudolphi, Aktuar,
6328 3056 7265 3123 Gerichtsſchreiber des Königlichen Amtsgerichts.
6266 3137 6415 3184 [74538]
6541 3123 7081 3177 Oeffentliche Zuſtellung.
6314 3160 7336 3228 Der Kaufmann Adolf Kulbatzki zu Stettin klagt
6269 3212 7337 3278 gegen den Kaufmann Joſef Zernick, früher zu
6270 3257 7335 3322 Stettin, jetzt unbekannten Aufenthalts, wegen einer
6275 3303 7336 3372 Forderung von 285 ℳ für im Jahre 1903 käuflich
6271 3351 7337 3419 gelieferte Waren und Arbeiten, mit dem Antrage,
6273 3398 7338 3461 den Beklagten koſtenpflichtig zu verurteilen, an den
6275 3442 7340 3508 Kläger 285 ℳ nebſt 5 % Zinſen ſeit dem 1. Mai
6279 3485 7343 3554 1903 zu zahlen und das Urteil für vorläufig voll⸗
6277 3535 7341 3601 ſtreckbar zu erklären. Der Kläger ladet den Be⸗
6277 3582 7342 3651 klagten zur mündlichen Verhandlung des Rechtsſtreits
6278 3629 7345 3693 vor das Königliche Amtsgericht zu Stettin, im
6279 3676 7346 3744 Zimmer 98, auf den 10. Februar 1906, Vor⸗
6281 3718 7346 3788 mittags 10 Uhr. Zum Zwecke der öffentlichen Zu⸗
6282 3769 7348 3835 ſtellung wird dieſer Auszug der Klage bekannt gemacht.
6330 3823 7025 3876 Stettin, den 22. Dezember 1905.
6750 3871 6881 3916 Sieg,
6349 3908 7288 3969 Gerichtsſchreiber des Königlichen Amtsgerichts.
6284 3984 6434 4032 [74534]
6548 3976 7094 4025 Oeffentliche Zuſtellung.
6334 4010 7353 4074 Der Kaufmann Ernſt Heinecke zu Ilſenburg,
6286 4058 7357 4125 Prozeßbevollmächtigter: Rechtsanwalt Haſert in
6289 4103 7357 4169 Wernigerode, klagt gegen den Handlungsgehilfen
6290 4154 7358 4215 Beuſeler aus Erfurt, zuletzt in Ilſenburg, jetzt un⸗
6291 4195 7361 4257 bekannten Aufenthalts, unter der Behauptung, daß
6294 4243 7360 4310 Beklagter in ſeiner Stellung als Kommis beim Kläger
6292 4288 7365 4355 dieſem Nahrungsmittel entwendet und aus der Kaſſe
6294 4335 7363 4399 ca. 250 ℳ nach und nach an ſich genommen habe, mit
6294 4383 7362 4447 dem Antrage, den Beklagten koſtenpflichtig vorläufig
6297 4431 7366 4494 vollſtreckbar zur Zahlung des Teilbetrages von 100 ℳ
6296 4474 7365 4540 nebſt 4 % Zinſen ſeit Klagezuſtellung zu verurteilen.
6296 4522 7366 4587 Der Kläger ladet den Beklagten zur mündlichen Ver⸗
6299 4569 7365 4638 handlung des Rechtsſtreits vor das Königliche Amts⸗
6300 4616 7366 4683 gericht zu Wernigerode auf den 8. März 1906,
6302 4660 7368 4725 Vormittags 9 Uhr. Zum Zwecke der öffentlichen
6303 4708 7373 4776 Zuſtellung wird dieſer Auszug der Klage bekannt
6302 4774 6462 4822 gemacht.
6351 4804 7184 4866 Wernigerode, den 23. Dezember 1905.
6595 4853 7089 4904 Bitterſohl, Sekretär,
6371 4890 7311 4958 Gerichtsſchreiber des Königlichen Amtsgerichts.
6314 5081 7369 5192 3) Unfall⸗ und Invaliditäts⸗ꝛc.
6628 5186 7069 5274 Verſicherung.
6777 5296 6919 5342 Keine.
6317 5467 7370 5575 4) Verkäufe, Verpachtungen,
6551 5567 7151 5657 Verdingungen ꝛc.
6318 5693 6469 5746 [74677]
6682 5688 7034 5739 Ausſchreibung.
6463 5742 6737 5785 Lieferung von
6413 5780 7023 5831 2 400 Stück Abſpannkonſolen,
6416 5827 6921 5876 3 300 „ Ankerhaken,
6371 5874 7080 5925 142 900 „ Porzellaniſolatoren,
6392 5910 7391 5970 26 350 „ Schraubenſtützen für Porzellan⸗
6749 5967 6950 6012 iſolatoren,
6372 6009 7002 6063 118 500 kg Kupferbronzedraht,
6370 6055 7069 6108 498 150 „ Eiſendraht, verzinkter,
6397 6103 6963 6156 11 850 „ iſolierter Draht,
6422 6147 7017 6201 1 100 „ Kupferdraht, weich,
6455 6191 7162 6245 980 „ Drahtſeile für Läutewerke.
6373 6232 7393 6293 Die Verdingungsunterlagen können bei unſerer
6328 6281 7397 6344 Hausverwaltung, Domhof 28 hierſelbſt, eingeſehen oder
6328 6326 7395 6386 von derſelben gegen poſtfreie Einſendung von 1 ℳ
6329 6372 7398 6435 50 ₰ in bar (nicht in Briefmarken) bezogen
6329 6437 6474 6476 werden.
6378 6460 7397 6524 Die Angebote ſind verſiegelt und mit der Auf⸗
6331 6509 7401 6573 ſchrift „Angebot auf Lieferung von Telegraphenbau⸗
6331 6555 7402 6615 materialien“ verſehen bis zum 31. Januar 1906,
6332 6600 7404 6663 Vormittags 10 ½ Uhr, dem Zeitpunkte der Er⸗
7314 365 8378 434 öffnung, in unſerem Verwaltungsgebäude, Zimmer 20,
7314 422 8117 479 Erdgeſchoß, poſtfrei an uns einzureichen.
7362 459 8375 522 Ende der Zuſchlagsfriſt 24. Februar 1906,
7315 520 7784 570 Nachmittags 6 Uhr.
7363 563 7981 617 Cöln, den 21. Dezember 1905.
7551 606 8157 659 Königliche Eiſenbahndirektion.
7327 762 8380 873 5) Verloſung ꝛc. von Wert⸗
7698 866 8004 958 papieren.
7330 952 8385 1022 Die Bekanntmachungen über den Verluſt von Wert⸗
7329 1000 8384 1071 papieren befinden ſich ausſchließlich in Unterabteilung 2.
7329 1125 7479 1180 [63536]
7658 1116 8058 1166 Bekanntmachung.
7378 1154 8389 1215 Bei der heute nach Maßgabe der §§ 39, 41 und 47
7331 1202 8391 1263 des Geſetzes vom 2. März 1850 wegen Errichtung
7334 1248 8393 1313 von Rentenbanken, ſowie des § 6 des Geſetzes vom
7333 1292 8393 1359 7. Juli 1891, betreffend die Beförderung der Er⸗
7334 1335 8394 1407 richtung von Rentengütern, im Beiſein eines Notars
7336 1385 8394 1449 und der Abgeordneten der Provinzialvertretung ſtatt⸗
7339 1435 8395 1501 gehabten öffentlichen Ausloſung Pommerſcher
7339 1477 8397 1543 Rentenbriefe ſind die in nachfolgendem Ver⸗
7341 1525 8399 1592 zeichniſſe aufgeführten Nummern gezogen worden.
7342 1576 8400 1633 Sie werden den Beſitzern mit der Aufforderung ge⸗
7343 1618 8400 1682 kündigt, den Kapitalbetrag gegen Quittung und
7343 1667 8403 1728 Rückgabe der ausgeloſten Rentenbriefe mit den dazu
7346 1710 8403 1778 gehörigen Zinsſcheinen und Anweiſungen vom 1. April
7348 1756 8406 1818 1906 ab in den Vormittagsſtunden von 9 bis
7350 1803 8407 1866 12 Uhr in unſerem Kaſſenlokale, Auguſtaplatz
7349 1851 8407 1913 Nr. 5, oder bei der Königlichen Rentenbank⸗
7351 1895 8408 1960 kaſſe zu Berlin — Kloſterſtraße 76 Ⅰ — in
7353 1955 7778 2005 Empfang zu nehmen.
7403 1990 8413 2049 Den unter Ⅰ aufgeführten Rentenbriefen Lit. A,
7357 2034 8412 2099 B, C, D und E müſſen die Zinsſcheine Reihe ⅤⅠⅠ
7356 2081 8414 2143 Nr. 16 und Anweiſnngen, den unter ⅠⅠ aufgeführten
7357 2127 8413 2187 Rentenbriefen Lit. F, G, H, J und K die Zins⸗
7357 2173 8416 2240 ſcheine Reihe II Nr. 14/16 und Anweiſungen bei⸗
7361 2234 7585 2287 gefügt ſein.
7414 2266 8419 2325 Vom 1. April 1906 ab hört die Verzinſung
7363 2313 8417 2377 dieſer Rentenbriefe auf. Inhaber von ausgeloſten
7364 2361 8421 2424 und gekündigten Rentenbriefen können die einzu⸗
7365 2408 8421 2466 löſenden Rentenbriefe unter Beifügung einer vor⸗
7366 2452 8422 2519 ſchriftsmäßigen Quittung durch die Poſt an unſere
7368 2498 8425 2562 Kaſſe einſenden, worauf auf Verlangen die Ueber⸗
7369 2541 8427 2611 ſendung des Barbetrages auf gleichem Wege auf
7371 2592 8379 2655 Gefahr und Koſten des Empfängers erfolgen wird.
7469 2645 8333 2697 Rentenbriefe der Provinz Pommern.
7443 2687 8358 2745 Ausloſung am 13. November 1905.
7421 2731 8429 2794 Auszahlung vom 1. April 1906 ab bei den
7374 2777 8427 2842 Königlichen Rentenbankkaſſen zu Stettin und Berlin.
7623 2830 8194 2881 Ⅰ. 4 % ige Rentenbriefe.
7423 2867 8433 2931 Lit. A zu 3000 ℳ (1000 Tlr.) 162 Stück
7377 2914 8432 2981 Nr. 12 180 225 286 337 370 373 383 427 478
7378 2961 8432 3026 483 665 768 851 869 920 1029 1081 1093 1351
7380 3008 8435 3071 1385 1396 1437 1490 1520 1536 1582 1598 1677
7380 3053 8436 3118 1801 1829 1894 1906 1921 1993 1997 2151 2347
7380 3100 8440 3166 2373 2378 2550 2829 2943 2952 3056 3090 3276
7382 3147 8441 3212 3487 3562 3770 4434 4508 4514 4661 4816 4823
7385 3192 8441 3259 4897 4910 4939 5021 5027 5043 5045 5077 5121
7381 3239 8440 3305 5262 5264 5273 5301 5354 5355 5394 5476 5561
7382 3285 8443 3351 5678 5821 5951 6000 6002 6010 6154 6335 6397
7387 3332 8446 3397 6665 6744 6909 6910 6962 7010 7123 7199 7250
7385 3378 8449 3444 7359 7409 7631 7756 7832 8064 8222 8268 8288
7391 3424 8450 3491 8365 8482 8495 8505 8575 8788 8827 8990 8994
7391 3473 8452 3538 9002 9102 9166 9178 9179 9180 9190 9205 9214
7392 3515 8453 3585 9235 9264 9281 9382 9417 9552 9560 9687 9717
7394 3561 8452 3630 9722 9745 9760 9763 9800 9816 9968 9989 10023
7393 3608 8453 3677 10046 10065 10090 10192 10281 10430 10431
7396 3657 8456 3724 10444 10484 10546 10619 10632 10653 10689
7396 3700 8456 3768 10742 10774 10782 10784 10813 10845 10846
7398 3762 8010 3814 10855 10879 10899 10961.
7446 3797 8457 3859 Lit. B zu 1500 ℳ (500 Tlr.) 51 Stück
7398 3841 8460 3909 Nr. 73 76 77 114 239 261 418 445 624 663 916
7400 3888 8463 3956 1014 1085 1210 1262 1379 1449 1470 1477 1578
7400 3935 8462 4001 1686 1733 1793 1906 1978 2041 2057 2078 2292
7401 3981 8463 4046 2351 2370 2373 2476 2528 2670 2731 2745 2750
7404 4028 8464 4091 2762 2900 2974 3024 3086 3088 3138 3259 3273
7407 4090 7865 4139 3286 3291 3326 3328.
7453 4122 8462 4185 Lit. C zu 300 ℳ (100 Tlr.) 243 Stück Nr. 55
7410 4169 8466 4230 146 182 194 202 230 298 386 388 592 847 947
7410 4216 8465 4277 967 1089 1100 1230 1299 1332 1492 1591 1727
7413 4263 8467 4323 1871 1910 1974 1988 2088 2146 2199 2271 2275
7413 4305 8466 4373 2313 2327 2341 2350 2563 2564 2573 2687 2739
7411 4351 8466 4421 2805 2862 2905 2981 2993 3033 3129 3301 3545
7415 4397 8470 4464 3555 3596 3703 4003 4208 4280 4630 4734 4789
7415 4445 8469 4512 4927 5087 5444 5482 5485 5558 5574 5589 5624
7417 4490 8469 4558 5658 5728 5772 5822 5835 5891 5896 5915 6004
7418 4538 8468 4604 6038 6111 6112 6403 6453 6507 6701 6716 6811
7417 4583 8473 4653 6819 7060 7082 7112 7212 7241 7334 7434 7447
7418 4629 8474 4699 7527 7541 7588 7625 7734 7735 7787 7799 8010
7421 4675 8476 4746 8082 8139 8144 8146 8281 8429 8484 8545 8572
7421 4721 8474 4792 8590 8677 8793 8827 8956 9108 9150 9156 9330
7421 4771 8476 4833 9372 9455 9569 9604 9616 9815 9953 10033 10100
7421 4820 8475 4882 10268 10286 10299 10635 10704 10731 10744
7425 4865 8479 4929 10783 10832 10886 10932 11008 11122 11206
7425 4905 8479 4978 11282 11306 11337 11389 11419 11456 11476
7427 4953 8478 5024 11491 11530 11534 11586 11704 11808 11869
7426 5004 8479 5069 11914 11949 11957 12078 12144 12166 12188
7423 5051 8477 5111 12310 12424 12456 12502 12559 12606 12644
7425 5095 8483 5158 12694 12700 12735 12803 12959 12986 13015
7423 5139 8483 5203 13061 13249 13337 13450 13476 13482 13508
7429 5186 8484 5251 13623 13628 13664 13762 13829 13856 13940
7425 5233 8486 5298 14008 14053 14082 14116 14185 14264 14344
7426 5276 8487 5344 14368 14490 14521 14555 14566 14636 14682
7425 5326 8487 5393 14688 14783 14888 14918 14925 14929 14983
7426 5374 8487 5437 14993 15087 15089 15149 15153 15193 15194
7434 5414 8485 5488 15342 15375 15405 15470 15500 15561 15589
7431 5465 8488 5529 15716 15738 15782 15845 15859 15909 15929
7429 5511 8490 5577 16003 16018 16033 16097 16216 16260 16317
7433 5577 7701 5621 16356 16373
7477 5605 8490 5667 Lit. D zu 75 ℳ (25 Tlr.) 229 Stück Nr. 24
7435 5652 8490 5713 125 197 219 258 327 348 438 546 606 714 834
7434 5699 8491 5759 968 998 1168 1195 1529 1531 1544 1628 1642
7435 5745 8493 5807 1669 1671 1883 1987 2046 2050 2100 2150 2199
7432 5791 8494 5853 2231 2333 2428 2621 2699 2713 2822 2887 2964
7432 5837 8490 5898 3012 3039 3067 3335 3360 3376 3390 3541 3561
7433 5882 8494 5943 3657 3751 3843 3852 3911 3952 4015 4054 4094
7436 5926 8495 5990 4100 4301 4313 4346 4425 4434 4447 4490 4498
7439 5974 8495 6038 4506 4752 4760 4772 4778 5032 5114 5136 5242
7436 6020 8497 6084 5256 5261 5266 5493 5644 5815 5939 6038 6093
7439 6066 8498 6130 6108 6138 6208 6308 6309 6325 6375 6405 6468
7438 6110 8496 6175 6491 6534 6589 6662 6686 6760 6761 6800 6813
7439 6155 8501 6222 6839 6863 6877 6898 6913 6915 6987 7050 7178
7439 6204 8500 6267 7204 7210 7238 7270 7273 7314 7445 7604 7716
7442 6251 8502 6314 7907 7942 8053 8085 8113 8175 8177 8254 8299
7444 6295 8504 6361 8396 8444 8534 8589 8599 8633 8656 8716 8758
7444 6344 8506 6406 8836 8881 8217 8943 8948 9069 9081 9106 9244
7445 6387 8507 6451 9275 9276 9531 9567 9591 9605 9659 9667 9674
7446 6436 8505 6494 9689 9911 9973 10075 10137 10153 10158 10170
7448 6482 8506 6541 10178 10254 10332 10407 10694 10787 10812
7449 6528 8506 6586 10844 10938 11218 11338 11375 11437 11453
7450 6574 8508 6633 11495 11626 11658 11709 11862 11875 11882
8428 344 9484 409 11956 11981 11991 12066 12067 12076 12101
8427 389 9492 452 12110 12169 12338 12487 12520 12527 12533
8431 438 9491 497 12537 12538 12552 12603 12606 12621 12622
8428 481 9492 544 12662 12667 12677 12692 12737 12739 12748
8430 527 9493 592 12749 12750 12757 12758 12774 12832 12929
8429 575 9494 636 12990 12996 13006 13087 13188 13108 13139
8431 642 8724 682 13189 13204.
8477 668 9497 731 Lit. E zu 30 ℳ (10 Tlr.) 4 Stück Nr. 5473
8431 732 8776 774 5474 5475 5476.
8478 756 9497 824 Die Rentenbriefe Lit. E Nr. 1 bis inkl. 5476 ſind
8433 824 8803 875 ſämtlich gekündigt.
8647 860 9281 913 ⅠⅠ. 3 ½ % ige Rentenbriefe.
8481 900 9505 961 Lit. F zu 3000 ℳ 24 Stück Nr. 39 157 238
8434 945 9500 1004 263 701 818 1202 1294 1304 1310 1438 1457
8439 992 9504 1051 1552 1662 1775 1782 1830 1982 2004 2076 2082
8436 1056 8783 1097 2147 2164 2396.
8484 1085 9502 1146 Lit. G zu 1500 ℳ 10 Stück Nr. 90 145 495
8440 1139 9106 1196 576 594 615 727 861 904 1080.
8487 1177 9505 1237 Lit. H zu 300 ℳ 15 Stück Nr. 49 92 106
8435 1223 9506 1284 214 222 267 570 583 618 643 824 917 954 1164
8443 1288 8550 1334 1179.
8488 1314 9509 1376 Lit. J zu 75 ℳ 12 Stück Nr. 96 157 242
8442 1369 9279 1421 245 256 261 266 288 329 351 355 431.
8491 1408 9509 1468 Lit. K zu 30 ℳ 13 Stück Nr. 36 43 115
8447 1460 9374 1514 137 168 174 180 189 191 194 197 200 201.
8494 1510 9180 1563 Stettin, den 13. November 1905.
8544 1551 9419 1612 Königliche Direktion der Reutenbank.
8451 1661 8602 1707 [63537]
8782 1650 9179 1699 Bekanntmachung.
8500 1688 9519 1749 Bei der heute nach Maßgabe der §§ 39, 41 und
8454 1734 9520 1800 47 des Geſetzes vom 2. März 1850 wegen Errichtung
8455 1782 9520 1842 von Rentenbanken ſowie des § 6 des Geſetzes vom
8458 1826 9521 1889 7. Juli 1891, betreffend die Beförderung der Er⸗
8459 1873 9522 1938 richtung von Rentengütern, im Beiſein eines Notars
8460 1920 9523 1980 und der Abgeordneten der Provinzialvertretung
8459 1967 9524 2031 ſtattgehabten öffentlichen Ausloſung Schleswig⸗
8461 2011 9530 2077 Holſteinſcher Rentenbriefe ſind die in nach⸗
8461 2063 9525 2124 folgendem Verzeichniſſe aufgeführten Nummern ge⸗
8463 2106 9533 2170 zogen worden. Sie werden den Beſitzern mit der
8464 2154 9528 2214 Aufforderung gekündigt, den Kapitalbetrag gegen
8467 2198 9528 2261 Quittung und Rückgabe der ausgeloſten Renten⸗
8467 2241 9530 2308 briefe mit den dazu gehörigen Zinsſcheinen und An⸗
8467 2288 9531 2352 weiſungen vom 1. April 1906 ab in den Vor⸗
8470 2340 9531 2400 mittagsſtunden von 9 bis 12 Uhr in unſerem
8471 2384 9534 2446 Kaſſenlokale, Auguſtaplatz Nr. 5, oder bei der
8472 2431 9535 2494 Königlichen Rentenbankkaſſe zu Berlin —
8473 2477 9412 2537 Kloſterſtraße 76 I — in Empfang zu nehmen.
8523 2523 9536 2584 Den unter Ⅰ aufgeführten Rentenbriefen Lit. A,
8475 2571 9536 2633 B, C, D und E müſſen die Anweiſungen, den
8476 2617 9538 2674 unter ⅠⅠ aufgeführten Rentenbriefen Lit. F, H, J
8477 2659 9536 2725 und K die Zinsſcheine Reihe ⅠⅠ Nr. 14/16 und An⸗
8477 2719 8968 2771 weiſungen beigefügt ſein.
8529 2752 9541 2815 Vom 1. April 1906 ab hört die Verzinſung
8480 2801 9542 2863 dieſer Rentenbriefe auf. Inhaber von ausgeloſten
8481 2849 9544 2911 und gekündigten Rentenbriefen können die einzu⸗
8481 2896 9545 2953 löſenden Rentenbriefe unter Beifügung einer vor⸗
8484 2942 9545 3008 ſchriftsmäßigen Quittung durch die Poſt an unſere
8485 2987 9546 3049 Kaſſe einſenden, worauf auf Verlangen die Ueber⸗
8486 3031 9546 3097 ſendung des Barbetrages auf gleichem Wege auf
8488 3080 9546 3141 Gefahr und Koſten des Empfängers erfolgen wird.
8535 3124 9548 3191 Hierbei wird darauf aufmerkſam gemacht, daß nach
8489 3173 9548 3239 § 44 des Rentenbankgeſetzes die aus den Fälligkeits⸗
8489 3222 9551 3284 terminen den 1. April und 1. Oktober 1895 aus⸗
8493 3265 9551 3330 geloſten Rentenbriefe mit dem Schluſſe dieſes Jahres
8493 3331 8685 3376 verjähren.
8495 3356 9557 3418 Rentenbriefe der Provinz Schleswig⸗Holſtein.
8583 3409 9468 3464 Ausloſung am 16. November 1905.
8499 3450 9562 3512 Auszahlung vom 1. April 1906 ab bei den König⸗
8547 3496 9513 3562 lichen Rentenbankkaſſen zu Stettin und Berlin.
8748 3551 9319 3602 Ⅰ. 4 % ige Rentenbriefe.
8550 3589 9566 3651 Lit. A zu 3000 ℳ (1000 Tlr.) 106 Stück
8504 3638 9563 3694 Nr. 38 104 141 698 927 935 1255 1350 1488 1778
8507 3684 9563 3740 1992 2705 2916 3381 3412 3454 3580 3691 3993
8505 3731 9563 3787 4226 4476 4587 4806 4816 4833 5257 5454 5512
8507 3772 9565 3833 5536 5537 5560 5609 5628 5649 5719 5995 6196
8508 3823 9567 3879 6290 6326 6389 6704 6886 7044 7328 7550 7690
8509 3869 9565 3926 7749 7804 8092 8485 8603 8700 8807 8841 8961
8511 3916 9567 3973 8975 9211 9310 9334 9532 9581 9699 9734 9759
8510 3963 9568 4019 9848 9955 10044 10087 10171 10300 10351 10358
8515 4007 9570 4066 10404 10444 10550 10724 10776 10797 10870
8515 4055 9568 4113 10881 11168 11206 11661 11709 11739 11781
8514 4100 9569 4161 11802 11877 12082 12158 12178 12342 12457
8516 4147 9570 4205 12593 13010 13073 13113 13134 13163 13207
8516 4199 9348 4252 13223 13330 13373 13396 13447 13468.
8562 4237 9576 4299 Lit. B zu 1500 ℳ (500 Tlr.) 8 Stück
8516 4293 9277 4345 Nr. 8 86 512 520 530 620 640 751.
8564 4333 9581 4392 Lit. C zu 300 ℳ (100 Tlr.) 50 Stück Nr. 18
8517 4378 9576 4436 96 113 197 307 400 443 827 1235 1300 1367
8520 4425 9580 4483 1572 1769 1802 1904 1979 2027 2037 2124 2206
8519 4472 9578 4529 2431 3205 3210 3290 3338 3566 3634 3635 3755
8523 4518 9580 4575 3882 3926 4037 4047 4260 4320 4336 4452 4575
8522 4563 9578 4622 4742 4781 4969 5065 5094 5337 5414 5423 5487
8522 4624 8851 4670 5511 5520 5635
8571 4654 9581 4716 Lit. D zu 75 ℳ (25 Tlr) 58 Stück Nr. 42
8523 4702 9581 4761 228 302 338 524 547 578 688 938 1021 1068
8525 4748 9584 4809 1107 1198 1282 1296 1367 1833 2011 2217 2292
8524 4795 9584 4856 2337 2439 2701 3539 3941 3958 3984 4042 4213
8524 4841 9587 4902 4262 4371 4392 4596 4912 4932 5025 5027 5028
8525 4887 9587 4947 5306 5351 5669 5771 5984 6400 6473 6533 6556
8527 4934 9588 4996 6651 6714 6769 6867 6880 6912 7070 7153 7198
8529 4998 8754 5039 7248 7293.
8577 5027 9591 5086 Lit. E zu 30 ℳ (10 Tlr.) 24 Stück Nr. 5320
8532 5073 9592 5131 5321 5322 5323 5324 5325 5326 5327 5328 5329
8532 5120 9588 5177 5330 5331 5332 5333 5334 5335 5336 5337 5338
8533 5178 9118 5224 5339 5340 5341 5342 5343.
8580 5211 9592 5270 Die Rentenbriefe Lit. E Nr. 1 bis inkl. 5343
8533 5270 8995 5325 ſind ſämtlich gekündigt.
8747 5310 9369 5362 ⅠⅠ. 3 ½ % ige Rentenbriefe.
8581 5356 9358 5411 Lit. F zu 3000 ℳ 1 Stück Nr. 8.
8583 5395 9597 5457 Lit. H zu 300 ℳ 5 Stück Nr. 67 98 117
8540 5462 8714 5501 149 176.
8585 5488 9599 5550 Lit. J zu 75 ℳ 6 Stück Nr. 56 66 112 113
8541 5554 8714 5594 136 137.
8586 5578 9600 5641 Lit. K zu 30 ℳ 8 Stück Nr. 31 45 49 50 57
8547 5646 8746 5685 68 72 73.
8587 5681 9278 5733 Stettin, den 16. November 1905.
8634 5722 9504 5783 Königliche Direktion der Rentenbank.
8544 5809 8692 5856 [46369]
8579 5837 9567 5917 Zucherfabrik Lüben, Mitſcher & Co.
8822 5912 9317 5962 4 % ige Obligationen.
8630 5952 9522 6010 Verloſung am 15. September 1905.
8758 6001 9382 6058 Zahlbar am 1. April 1906
8593 6049 9369 6100 bei der Geſellſchaftskaſſe in Lüben,
8594 6084 9607 6148 bei der Communalſtändiſchen Bank in
8643 6152 8892 6196 Görlitz und
8596 6178 9608 6240 bei R. G. Prausnitzer's Nchf. in Liegnitz.
8934 6232 9216 6281 Ⅰ. Emiſſion.
8599 6266 9608 6331 à 600 ℳ Nr. 12 16 17 74 139 195 214 247
8552 6312 9609 6378 250 326 352 364 366 369 394 424 425 498 519
8555 6380 8915 6424 567 569 624 646.
8925 6415 9233 6465 ⅠⅠ. Emiſſion.
8602 6451 9609 6517 à 600 ℳ Nr. 24 55 65 75 86 184 346 351
8557 6514 9006 6562 353 370 419 421 475.
8603 6557 9097 6609 à 3000 ℳ Nr. 18 66.
